#=========
#= books =
#=========

@BOOK{balachandran+10,
    author = {{Balachandran}, P.},
    title = "{Gas Dynamics For Engineers}",
    publisher = {PHI Learning},
    address = {New Delhi},
    year = 2010
}

@BOOK{lathi+05,
    author = {{Lathi}, B.P.},
    title = "{Linear Systems and Signals}",
    publisher = {Oxford University Press},
    address = {New York},
    year = 2005
}

@BOOK{chandrasekhar61,
    author = {{Chandrasekhar}, S.},
    title = "{Hydrodynamic and hydromagnetic stability}",
    publisher = {Clarendon},
    address = {Oxford},
    year = 1961,
    adsnote = {Provided by the NASA Astrophysics Data System}
}


@ARTICLE{hanuschik+88,
   author = {{Hanuschik}, R.~W. and {Thimm}, G. and {Dachs}, J.},
    title = "{H-alpha fine-structure in SN 1987A within the first 111 days}",
  journal = {\mnras},
 keywords = {FINE STRUCTURE, H ALPHA LINE, H BETA LINE, RED SHIFT, STELLAR ENVELOPES, SUPERNOVA 1987A, CYGNUS CONSTELLATION, RADIAL VELOCITY, STELLAR SPECTRA},
     year = 1988,
    month = sep,
   volume = 234,
    pages = {41P-49P},
   adsurl = {http://adsabs.harvard.edu/abs/1988MNRAS.234P..41H},
  adsnote = {Provided by the SAO/NASA Astrophysics Data System}
}


@BOOK{shu92,
    author    = {{Shu}, F. H.},
    title     = {The physics of astrophysics. Vol.2: Gas dynamics},
    publisher = {University Science Books},
    address   = {Mill Valley, CA},
    year      = 1992,
    adsnote   = {Provided by the NASA Astrophysics Data System}
}


@BOOK{clayton83,
    author    = {{Clayton}, D. D.},
    title     = {Principles of stellar evolution and nucleosynthesis},
    publisher = {University of Chicago Press},
    address   = {Chicago}, 
    year      = 1983,
    adsnote   = {Provided by the NASA Astrophysics Data System}
}

@BOOK{kippenhahn+94,
    author    = {{Kippenhahn}, R.  and {Weigert}, A. },
    title     = {Stellar Structure and Evolution},
    publisher = {Springer},
    address   = {Berlin},
    year      = 1994,
    adsnote   = {Provided by the NASA Astrophysics Data System}
}

@BOOK{arnett96,
    author    = {{Arnett}, W. D. },
    title     = {Supernovae and nucleosynthesis.
                 An investigation of the history of matter, 
                 from the Big Bang to the present},
    publisher = {Princeton University Press},
    address   = {Princeton},
    year      = 1996,
    adsnote   = {Provided by the NASA Astrophysics Data System}
}

@BOOK{sedov59,
    author    = {{Sedov}, L.~I.},
    title     = "{Similarity and Dimensional Methods in Mechanics}",
    booktitle = {Similarity and Dimensional Methods in Mechanics, New York: Academic Press, 1959},
    year      = 1959,
    publisher = {Academic Press},
    address   = {New York},
    adsurl    = {http://adsabs.harvard.edu/abs/1959sdmm.book.....S},
    adsnote   = {Provided by the SAO/NASA Astrophysics Data System}
}

@book{Clark_Stephenson,
 author    = "Clark, D. H. and Stephenson, F. R.",
 publisher = "Pergamon Press",
 title     = "The Historical Supernovae",
 year      = "1977",
 address   = "Oxford"
}

@book{press+92,
 author    = "Press, W. H. and Teukolsky, S. A. and 
             Vetterling, W. T. and Flannery, B. P.",
 publisher = "Cambridge University Press",
 title     = "Numerical Recipes in FORTRAN, The Art of Scientific 
              Computing, Second Edition",
 year      = "1992",
 address   = "Cambridge"
}

@book{Richtmyer,
 author    = "Richtmyer, R. D. and Morton, K. W.",
 publisher = "Wiley--Interscience",
 title     = "Difference Methods for Initial Value Problems",
 year      = "1967",
 address   = "New York"
}



@book{Hockney_Jesshope,
 author    = "Hockney, R. W. and Jesshope, C. R.",
 publisher = "Hilger",
 title     = "Parallel computers 2, 
              Architecture, programming and algorithms",
 year      = "1988",
 address   = "Bristol"
}


@book{Zeldovich,
 author    = "Zel'dovich, Y. B. and Raizer, Y. P.",
 publisher = "Academic Press",
 title     = "Physics of Shock Waves and High-Temperature Hydrodynamic Phenomena",
 year      = "1966",
 address   = "New York"
}

@book{Wilkinson_Reinsch,
 author    = "Wilkinson, J. H. and Reinsch, C.",
 publisher = "Springer",
 title     = "Linear Algebra",
 series    = "Handbook for Automatic Computation",
 volume    = "II",
 year      = "1971",
 address   = "Berlin"
}

@book{EISPACK,
 author    = "Smith, B. T. et al.",
 publisher = "Springer",
 title     = "Matrix Eigensystem Routines---EISPACK Guide",
 year      = "1971",
 address   = "Berlin"
}

@book{Courant_Friedrichs,
 author    = "Courant, R. and Friedrichs, K. O.",
 publisher = "Interscience",
 title     = "Supersonic flow and shock waves",
 year      = "1956",
 address   = "New York"
}


@book{Osterbrock, 
 author    = "Osterbrock, D. E.", 
 publisher = "University Science Books",
 title     = "Astrophysics of Gaseous Nebulae and Active Galactic Nuclei",
 year      = "1989",
 address   = "Mill Valley, CA"
}

@book{Holt, 
 author    = "Holt, M.", 
 publisher = "Springer",
 title     = "Numerical Methods in Fluid Dynamics",
 year      = "1977",
 address   = "Berlin"
}

@book{Landau, 
 author    = "Landau, L. D. and Lifschitz, E. M. ", 
 title     = "Lehrbuch der Theoretischen Physik, Band VI, Hydrodynamik",
 year      = "1974",
 publisher = "Akademie Verlag",
 address   = "Berlin"
}

@book{Mihalas_Mihalas, 
 author    = "Mihalas, D. and Weibel Mihalas, B.", 
 title     = "Foundations of Radiation Hydrodynamics",
 year      = "1984",
 publisher = "Oxford University Press",
 address   = "Oxford"
}

@book{LeVeque_92, 
 author    = "LeVeque, R. J.", 
 title     = "Numerical Methods for Conservation Laws",
 year      = "1992",
 publisher = "Birkh{\"a}user",
 address   = "Basel"
}

@book{leveque+97, 
 author    = "LeVeque, R.J. and Mihalas, D. and Dorfi, E.A. and M{\"u}ller, E.", 
 title     = "Computational Methods for Astrophysical Fluid Flow",
 year      = "1997",
 publisher = "Springer-Verlag",
 address   = "Berlin, Heidelberg, New York"
}


#=============
#= PhD works =
#=============


@phdthesis{Zoldi_PhD,
 author = "Zoldi, C.",
 school = "State University of New York at Stony Brook",
 title  = "A Numerical and Experimental Study of a Shock-Accelerated 
           Heavy Gas Cylinder",
 type   = "PhD thesis",
 year   = "2002"
}


@phdthesis{Walder_PhD,
 author = "Walder, R.",
 school = "ETH {Z\"urich}",
 title  = "Some Aspects of the Computational Dynamics 
          of Colliding Flows in Astrophysical Nebulae",
 type   = "Dissertation",
 year   = "1993"
}

@phdthesis{Janka_PhD,
 author = "Janka, H.-Th.",
 school = "Technische Universit{\"a}t M{\"u}nchen",
 title  = "Neutrino Transport in Type-II Supernovae 
           and Protoneutron Stars by Monte Carlo Methods",
 type   = "Dissertation",
 year   = "1991"
}

@phdthesis{Keil_PhD,
 author = "Keil, W.",
 school = "Technische Universit{\"a}t M{\"u}nchen",
 title  = "Konvektive Instabilit{\"a}ten in 
           entstehenden Neutronensternen",
 type   = "Dissertation",
 year   = "1997"
}

@phdthesis{Shimizu_PhD,
 author = "Shimizu, T. M.",
 school = "University of Tokio",
 title  = "Explosion Mechanism of Supernovae 
           with Rotation and Anisotropic Neutrino Radiation",
 type   = "PhD thesis",
 year   = "1995"
}

@phdthesis{Quirk_PhD,
 author = "Quirk, J. J.",
 school = "Cranfield Institute of Technology, College of Aeronautics",
 title  = "An Adaptive Grid Algorithm For Computational Shock  
           Hydrodynamics",
 type   = "PhD thesis",
 year   = "1991"
}

@phdthesis{Neeman_PhD,
 author = "Neeman, H. J.",
 school = "University of Illinois at Urbana Champaign",
 title  = "Autonomous Hierarchical Adaptive Mesh Refinement
           For Multiscale Simulations",
 type   = "PhD thesis",
 year   = "1996"
}

@phdthesis{scheck07,
 author = "Scheck, L.",
 school = "Technische Universit{\"a}t M{\"u}nchen",
 title  = "Parametric Studies of Hydrodynamic Instabilities in the 
           Supernova Core by Two- and Three-Dimensional Simulations",
 type   = "PhD thesis",
 year   = "2007"
}

@phdthesis{guzman09,
 author = "Guzman, J.",
 school = "Florida State University",
 title  = "Adaptive Mesh Hydrodynamics of Non-spherical Core-collapse Supernovae",
 type   = "MSc thesis",
 year   = "2009"
}


#==================
#= in proceedings =
#==================


@INPROCEEDINGS{Nomoto+94,
    author    = {{Nomoto}, K. 'I. and {Shigeyama}, T. and
                 {Kumagai}, S. and {Yamaoka}, H. and
                 {Suzuki}, T.},
    title     = "",
    editor = {{Bludman}, S.~A. and {Mochkovitch}, R. and
              {Zinn-Justin}, J.},
    booktitle = "{Supernovae, Les Houches Session LIV}",
    year      = 1994,
    publisher = {Elsevier/North-Holland},
    address   = {Amsterdam},
    adsnote = {Provided by the NASA Astrophysics Data System}
}


@INPROCEEDINGS{Goldreich+96,
    author    = {{Goldreich}, P. and {Lai}, D. and {Sahrling}, M.},
    booktitle = "{Unsolved Problems in Astrophysics}",
    year      = 1996,
    pages     = {},
    editor    = {{Bahcall}, J.~N. and {Ostriker},  J.~P.},
    publisher = {Princeton Univ. Press},
    address   = {Princeton}
}


@INPROCEEDINGS{Lai01,
    author    = {{Lai}, D.},
    title     = "{Neutron Star Kicks and Asymmetric Supernovae}",
    booktitle = {LNP Vol. 578: Physics of Neutron Star Interiors},
    year      = 2001,
    pages     = {424},
    editor    = {Blaschke, D. and  Glendenning, N.K. and
                 Sedrakian,  A.},
    publisher = {Springer},
    address   = {Berlin},
    adsnote   = {Provided by the NASA Astrophysics Data System}
}


@INPROCEEDINGS{JKR01,
    author    = {{Janka}, H.-Th. and {Kifonidis}, K. and {Rampp}, M.},
    title     = "{Supernova Explosions and Neutron Star Formation}",
    booktitle = {LNP Vol. 578: Physics of Neutron Star Interiors},
    year      = 2001,
    pages     = {333},
    editor    = {Blaschke, D. and  Glendenning, N.K. and Sedrakian,  A.},
    publisher = {Springer},
    address   = {Berlin},
    adsnote   = {Provided by the NASA Astrophysics Data System}
}

@INPROCEEDINGS{KPM01,
    author    = {{Kifonidis}, K. and {Plewa}, T. and {M{\" u}ller}, E.},
    title     = "{Exploding and Non-exploding Stars: 
                  Coupling Nuclear Reaction Networks to 
                  Multidimensional Hydrodynamics}",
    booktitle = {AIP Conf. Proc. 561:  Tours Symposium on Nuclear Physics IV},
    editor    = {Arnould, M. and Lewitowicz, M. and 
                 Oganessian, Yu. Ts. and  Akimune, H. and
                 Ohta, M. and Utsunomiya, H. and Wada, T. and  Yamagata, T.},
    year      = 2001,
    pages     = {21},
    publisher = {American Institute of Physics},
    address   = {Melville, New York},
    adsnote   = {Provided by the NASA Astrophysics Data System}
}


@INPROCEEDINGS{Janka+02,
    author    = {Janka, H.-Th. and Buras, R. and Kifonidis, K.
                 and Plewa, T. and Rampp, M.},
    title     = "{Core collapse and then? 
                 The route to massive star explosions}",
    booktitle = {From Twilight to Highlight: The Physics of
                 Supernovae},
    editor    = {Hillebrandt, W. and Leibundgut, B.},
    publisher = {Springer},
    address   = {Berlin},
    year      = 2003,
    pages     = {}
}


@INPROCEEDINGS{Aschenbach02,
    author    = {{Aschenbach}, B.},
    title     = "{X-rays from Supernova Remnants}",
    booktitle = {Neutron Stars, Pulsars, and Supernova Remnants. 
                 Proceedings of the 270th WE-Heraeus Seminar},
    year      = 2002,
    pages     = {13},
    editor    = {Becker, W. and  Lesch, H. and  Tr{\"u}mper, J.},
    publisher = {Max-Planck-Institut f\"ur extraterrestrische Physik},
    address   = {Garching}
}


@INPROCEEDINGS{FLASH_CODE_1,
    author    = {{Ricker}, P. M. and {Fryxell}, B. and {Olson}, K. and 
                 {Timmes}, F. X. and {Zingale}, M. and {Lamb}, D. Q. and 
                 {MacNeice}, P.  and {Rosner},  R. and   {Tufo}, H.},
    title     = {FLASH: A Multidimensional Hydrodynamics Code for
                 Modeling Astrophysical Thermonuclear Flashes},
    booktitle = {American Astronomical Society Meeting},
    year      = 1999,
    month     = dec,
    volume    = 195,
    pages     = {4205},
    adsnote   = {Provided by the NASA Astrophysics Data System}
}

@INPROCEEDINGS{Wilson+86,
    author    = {{Wilson}, J.  R. and {Mayle}, R. and 
                {Woosley}, S. E. and {Weaver}, T. A.},
    title     = {Stellar Core Collapse and Supernova},
    booktitle = {Annals of the New York Academy of Sciences,
                 Twelfth Texas Symposium on Relativistic Astrophysics},
    editor    = {Livio, M. and Shaviv, G.},
    publisher = {New York Academy of Sciences},
    address   = {New York},
    year      = 1986,
    volume    = 470,     
    pages     = {267},

}

@INPROCEEDINGS{deNisco+98,
    author = {{de Nisco}, K. R. and {Bruenn}, S. W. and {Mezzacappa}, A.},
    title     = {The effects of general relativity on core-collapse supernovae},
    booktitle = {Stellar Evolution, Stellar Explosions and Galactic
                 Chemical Evolution, Proceedings of the 2nd Oak Ridge 
                 symposium on atomic and nuclear astrophysics},
    editor    = {Mezzacappa, A.},
    publisher = {IOP},
    address   = {Bristol},
    year      = 1998,
    pages     = {571},
    adsnote   = {Provided by the NASA Astrophysics Data System}
}


@INPROCEEDINGS{Reddy+98,
    author    = {{Reddy}, S. and {Pons}, J. and 
                 {Prakash}, M. and {Lattimer}, J. M.},
    title     = {Neutrino opacities at high density and the 
                 protoneutron star evolution},
    booktitle = {Stellar Evolution, Stellar Explosions and
                 Galactic Chemical Evolution},
    editor    = {Mezzacappa, A.},
    publisher = {IOP},
    address   = {Bristol},
    year      = 1998,
    pages     = {585}, 
    adsnote   = {Provided by the NASA Astrophysics Data System}
}



@INPROCEEDINGS{Wilson85,
    author    = {{Wilson}, J. R.},
    title     = {Supernovae and Post-Collapse Behavior},
    booktitle = {Numerical Astrophysics},
    editor    = {Centrella, J. M. and Bowers, R. L.},
    publisher = {Jones and Bartlett},
    address   = {Boston},
    year      = 1985,
    pages     = {422},
}


@INPROCEEDINGS{Thielemann+98,
    author    = {{Thielemann}, F.-K. and {Rauscher}, T. and 
                 {Freiburghaus}, C. and {Nomoto}, K. 'I. and 
                 {Hashimoto}, M. and {Pfeiffer}, B. and 
                 {Kratz}, K.-L.},
    title     = {Nucleosynthesis Basics and Applications to Supernovae},
    booktitle = {Neutrino Physics and Astrophysics},
    year      = 1998,
    pages     = {27},
    adsnote   = {Provided by the NASA Astrophysics Data System}
}


@INPROCEEDINGS{Hillebrandt87,
    author    = {{Hillebrandt}, W.},
    title     = {Stellar collapse and supernova explosions},
    booktitle = {High Energy Phenomena Around Collapsed Stars},
    editor    = {Pacini, F.},
    publisher = {Reidel},
    address   = {Dordrecht},
    year      = 1987,
    pages     = {73},
    adsnote   = {Provided by the NASA Astrophysics Data System}
}


@INPROCEEDINGS{Janka_Keil98,
    author    = {{Janka}, H.-Th.  and {Keil}, W.},
    title     = {Perspectives of Core-Collapse Supernovae beyond SN 1987A},
    booktitle = {Supernovae and cosmology},
    year      = 1998,
    pages     = {7},
    adsnote   = {Provided by the NASA Astrophysics Data System}
}



@INPROCEEDINGS{Janka93,
    author    = {{Janka}, H.-Th.},
    title     = {Neutrinos from type-II supernovae and the 
                 neutrino-driven supernova mechansim},
    booktitle = {Frontier Objects of Neutrino Astrophysics and Particle Physics},
    editor    = {Giovanelli, F. and  Mannocchi, G.}, 
    publisher = {Societ\`{a} Italiana di Fisica},
    address   = {Bologna},
    year      = 1993,
    pages     = {345},
}


@INPROCEEDINGS{Lucy88,
    author    = {{Lucy}, L. B.},
    title     = {Modelling the atmosphere of SN 1987A},
    booktitle = {Supernova 1987A in the Large Magellanic Cloud},
    editor    = {Kafatos, M. and  Michalitsianos, A. G.}, 
    publisher = {CUP},
    address   = {Cambridge},
    year      = 1988,
    pages     = {323},
    adsnote   = {Provided by the NASA Astrophysics Data System}
}


@INPROCEEDINGS{Yahil_Lattimer82,
    author    = {{Yahil}, A. and {Lattimer}, J. M.},
    title     = {Supernovae for pedestrians},
    booktitle = {Supernovae: A Survey of Current Research},
    editor    = {Rees, M. J. and  Stoneham, R. J.}, 
    publisher = {Reidel},
    address   = {Dordrecht},
    year      = 1982,
    month     = nov,
    pages     = {53},
    adsnote   = {Provided by the NASA Astrophysics Data System}
}


@INPROCEEDINGS{Wooden97,
    author    = {{Wooden}, D. H.},
    title     = {Observational Evidence for Mixing and Dust Condensation
                 in Core-Collapse Supernovae},
    booktitle = {Astrophysical Implications of the Laboratory 
                 Study of Presolar Materials},
    editor    = {Bernatowicz, T. J. and  Zinner, E.}, 
    publisher = {American Institute of Physics},
    address   = {Woodbury},
    year      = 1997,
    pages     = {317},
    adsnote   = {Provided by the NASA Astrophysics Data System}
}


@INPROCEEDINGS{SIHNS96,
    author    = {{Shigeyama}, T. and {Iwamoto}, K. and
                 {Hachisu}, I. and {Nomoto}, K. 'I. and 
                 {Saio}, H.},
    title     = {Instabilities and Mixing in Type II-P and II-b Supernovae},
    booktitle = {Supernovae and supernova remnants. 
                 Proceedings of the International Astronomical Union Colloquium 145},
    editor    = {McCray, R. and Wang, Z.},
    publisher = {Cambridge University Press},
    address   = {Cambridge; UK},  
    year      = 1996,
    pages     = {129},
    adsnote   = {Provided by the NASA Astrophysics Data System}
}


@INPROCEEDINGS{BT91,
    author    = {{Benz}, W. and {Thielemann}, F.-K.},
    title     = {Mixing in supernova 1987A},
    booktitle = {Supernovae. The Tenth Santa Cruz Workshop in Astronomy and Astrophysics}, 
    editor    = {Woosley, S. E.},
    publisher = {Springer-Verlag},
    address   = {New York},
    year      = 1991,
    pages     = {249},
    adsnote   = {Provided by the NASA Astrophysics Data System}
}


@INPROCEEDINGS{Beacom,
    author    = {{Beacom}, J. F.},
    title     = {Neutrinos From the Next Galactic Supernova},
    booktitle = {Neutrinos in the Next Millennium. The 
                 23rd Johns Hopkins Workshop on Current Problems in Particle
                 Theory (Baltimore, June 1999)},
    year      = 1999,
    pages     = {astro-ph/9909376}
}


@INPROCEEDINGS{Vogel,
    author    = {{Vogel}, P.},
    title     = {What Might we Learn From a Future Supernova Neutrino Signal?},
    booktitle = {The 8th Int. Workshop on ``Neutrino Telescopes'', 
                 Venice, February 23-26, 1999},
    year      = 1999,
    pages     = {astro-ph/9904338}
}



@INPROCEEDINGS{WE97,
    author    = {Woosley, S. E. and Eastman, R.} ,
    title     = {Type Ib and Ic Supernovae: Models and Spectra},
    booktitle = {Thermonuclear Supernovae},
    editor    = {Ruiz-LaPuente, P. and 
                 Canal, R. and Isern, J.},
    publisher = {Kluwer},
    address   = {Dordrecht},
    year      = 1997,
    pages     = {821}, 
}

@INPROCEEDINGS{Nomoto+97,
    author    = {{Nomoto}, K. 'I. and {Iwamoto}, K.  and {Young}, T. R. and 
                 {Nakasato}, N.  and {Suzuki}, T.},
    title     = {Type Ib-Ic-IIb-IIL Supernovae: Common Envelope Evolution, 
                 Instabilities, and Circumstellar Interaction},
    booktitle = {Thermonuclear Supernovae},
    editor    = {Ruiz-LaPuente, P. and 
                 Canal, R. and Isern, J.},
    publisher = {Kluwer},
    address   = {Dordrecht},
    year      = 1997,
    pages     = {839}, 
}


@INPROCEEDINGS{CT97,
    author    = {Cappellaro, E. and Turatto, M.} ,
    title     = {The Rate of Supernovae: Biases and Uncertainties},
    booktitle = {Thermonuclear Supernovae},
    editor    = {Ruiz-LaPuente, P. and 
                 Canal, R. and Isern, J.},
    publisher = {Kluwer},
    address   = {Dordrecht},
    year      = 1997,
    pages     = {77}, 
}


@INPROCEEDINGS{BT97,
    author    = {Bartunov, O. S. and Tsvetkov, D. Y.} ,
    title     = {Statistical Studies of Supernovae},
    booktitle = {Thermonuclear Supernovae},
    editor    = {Ruiz-LaPuente, P. and 
                 Canal, R. and Isern, J.},
    publisher = {Kluwer},
    address   = {Dordrecht},
    year      = 1997,
    pages     = {87}, 
}


@INPROCEEDINGS{Quirk94_reprinted,
    author    =	 {Quirk, J. J.},
    title     =	 {A contribution to the great Riemann solver debate},
    booktitle =  {Upwind and High-Resolution Schemes},
    editor    =  {Yousuff Hussaini, M. and
                  van Leer, B. and  Van Rosendale, J.},
    publisher =  {Springer},
    address   =  {Berlin},
    year      =  1997,
    pages     =  {550}, 
}



@INPROCEEDINGS{bruenn93,
    author    = {Bruenn, S. W.} ,
    title     = {Numerical Simulations of Core Collapse Supernovae},
    booktitle = {Nuclear Physics in the Universe},
    editor    = {Guidry, M. W. and  Strayer, M. R.},
    publisher = {IOP},
    address   = {Bristol},
    year      = 1993,
    pages     = {31-50}, 
}

@INPROCEEDINGS{Weaver_Woosley80,
    author    = {{Weaver}, T. A. and {Woosley}, S. E.},
    title     = {Evolution and explosion of massive stars},
    booktitle = {Tenth Texas Symposium on Relativistic Astrophysics},
    editor    = {Ramaty, R. and Jones, F. C.},
    publisher = {New York Academy of Sciences},
    address   = {New York},
    year      = 1981,
    pages     = {335},
    adsnote   = {Provided by the NASA Astrophysics Data System}
}


@INPROCEEDINGS{Stathakis+91,
    author    = {{Stathakis}, R. A. and {Dopita}, M. A. and {Cannon}, R. D. and 
                 {Sadler}, E. M.},
    title     = {AAT Observations of Supernova 1987A and Other Supernovae},
    booktitle = {Supernovae. The Tenth Santa Cruz Workshop in Astronomy and Astrophysics}, 
    editor    = {Woosley, S. E.},
    publisher = {Springer-Verlag},
    address   = {New York},
    year      = 1991,
    pages     = {95},
    adsnote   = {Provided by the NASA Astrophysics Data System}
}


@INPROCEEDINGS{Mueller98,
    author    = {M{\"u}ller, E.} ,
    title     = {Simulation of Astrophysical Fluid Flow},
    booktitle = {Computational Methods for Astrophysical Fluid Flow},
    editor    = {Steiner, O. and Gautschy, A.},
    publisher = {Springer},
    address   = {Berlin}, 
    year      = 1998,
    pages     = {371}, 
}


@INPROCEEDINGS{LeVeque,
    author    = {LeVeque, R. J.} ,
    title     = {Nonlinear Conservation Laws and Finite Volume Methods},
    booktitle = {Computational Methods for Astrophysical Fluid Flow},
    editor    = {Steiner, O. and Gautschy, A.},
    publisher = {Springer},
    address   = {Berlin}, 
    year      = 1998,
    pages     = {1}, 
}



@INPROCEEDINGS{MFA3D_91,
    author    = {{M\"uller}, E. and {Fryxell}, B. and {Arnett}, W. D.},
    title     = {Two and three dimensional numerical simulations of 
                 instabilities and mixing in SN 1987\,A},
    booktitle = {Elba Workshop on Chemical and Dynamical
                 Evolution of Galaxies},
    editor    = {Federini, F. and  Franco, J. and Matteucci, F.},
    publisher = {ETS Editrice},
    address   = {Pisa},
    year      = 1991,
    pages     = {394}, 
}


@INPROCEEDINGS{MFA2Ds_91,
    author    = {{M\"uller}, E. and {Fryxell}, B. and {Arnett}, W. D.},
    title     = {High-Resolution Numerical Simulations of Instabilities,
                 Mixing and Clumping in Supernova 1987\,A},
    booktitle = {Supernova 1987\,A and Other Supernovae},
    editor    = {Danziger, J. and Kj\"ar, K.},
    address   = {Garching},
    publisher = {European Southern Observatory},
    year      = 1991,
    pages     = {99}, 
}


@INPROCEEDINGS{Nomoto+91,
    author    = {{Nomoto}, K. 'I. and {Shigeyama}, T. and {Kumagai}, S.},
    title     = { Model for Type Ib/Ic Supernovae and SN 1987\,A:
                  Nucleosynthesis, Mixing, and Light Curves},
    booktitle = {Supernova 1987\,A and Other Supernovae},
    editor    = {Danziger, J. and Kj\"ar, K.},
    address   = {Garching},
    publisher = {European Southern Observatory},
    year      = 1991,
    pages     = {173}, 
}


@INPROCEEDINGS{Wheeler_Harkness86,
    author    = {{Wheeler}, J. C.  and {Harkness}, R. P.},
    title     = {Physical models of supernovae and the distance scale},
    booktitle = {Galaxy Distances and Deviations from Universal Expansion},
    editor    = {Madore, B. F. and Tully, R. B.},
    address   = {Dordrecht},
    publisher = {Reidel},
    year      = 1986,
    pages     = {45},
    adsnote   = {Provided by the NASA Astrophysics Data System}
}


@INPROCEEDINGS{Woodward+03,
    author = {{Woodward}, P.~R. and {Porter}, D.~H. and {Jacobs}, M.},
    title = "{3-D Simulations of Turbulent Compressible Stellar Convection}",
    booktitle = {ASP Conf. Ser. Vol. 293: 3D Stellar Evolution},
    address   = {San Francisco},
    publisher = {Astron. Society of the Pacific},
    editor = {Turcotte, S. and  Keller, S.C. and Cavallo, R.M.},
    year = {2003},
    pages = {45},
    adsnote = {Provided by the NASA Astrophysics Data System}
}


@INPROCEEDINGS{Kuhlen+03,
    author = {{Kuhlen}, M. and {Woosley}, W.~E. and {Glatzmaier}, G.~A.},
    title = "{3D Anelastic Simulations of Convection in Massive Stars}",
    booktitle = {ASP Conf. Ser. Vol. 293: 3D Stellar Evolution},
    address   = {San Francisco},
    publisher = {Astron. Society of the Pacific},
    editor = {Turcotte, S. and  Keller, S.C. and Cavallo, R.M.},
    year = {2003},
    pages = {147},
    adsnote = {Provided by the NASA Astrophysics Data System}
}


@INPROCEEDINGS{Zinner+95,
    author    = {{Zinner}, E. and {Amari}, S. and {Travaglio}, C. and {Gallino}, R. and 
                 {Busso}, M. and {Woosley}, S.},
    title     = {The Isotopic Composition of Interstellar Graphite 
                 from the Murchison Meteorite: Evidence for Supernova Mixing},
    booktitle = {Lunar and Planetary Science Conference},
    year      = 1995,
    volume    = 26,
    pages     = {1561},
    adsnote   = {Provided by the NASA Astrophysics Data System}
}


@INPROCEEDINGS{Heger+03,
    author    = { {Heger}, A. and {Woosley}, S. and
                  {Langer}, N. and {Spruit}, H. C. },
    title     = {Presupernova Evolution of Rotating Massive 
                 Stars and the Rotation Rate of Pulsars},
    booktitle = {Proc. IAU Symp. No. 215},
    editor    = {Maeder, A. and Eenens, P.},
    year      = 2003,
    pages     = {astro-ph/0301374},
    adsnote   = {Provided by the NASA Astrophysics Data System}
}

@INPROCEEDINGS{Foglizzo_Galetti03,
   author = {{Foglizzo}, T. and {Galletti}, P.},
    title = "{Non-radial instability of stalled accretion shocks: advective-acoustic cycle}",
booktitle = {Cosmic explosions in three dimensions},
     year = 2004,
   eprint = {arXiv:astro-ph/0308534},
   editor = {{H{\"o}flich}, P. and {Kumar}, P. and {Wheeler}, J.~C.},
    pages = {238},
   adsurl = {http://adsabs.harvard.edu/abs/2004cetd.conf..238F},
  adsnote = {Provided by the SAO/NASA Astrophysics Data System}
}

@INPROCEEDINGS{Burrows+03,
    author = {{Burrows}, A. and {Ott}, C. D. and {Meakin}, C. },
    title = "{Topics in Core-Collapse Supernova Theory}",
    booktitle = {Proc. of the workshop "3-D signatures in stellar
                 explosions", June 10-13 2003, Austin, Texas, USA},
    year = 2003,
    pages = {astro-ph/0309684},
    adsnote = {Provided by the NASA Astrophysics Data System}
}



#============
#= articles =
#============


@article{Strang,
author  = "Strang, G.",
title   = "On the construction and comparison of difference schemes",
journal = "SIAM, J. Num. Anal.",
volume  = "5",
pages   = "506",
year    = 1968
}

@article{Winkler,
author  = "Tscharnuter, W. and Winkler, K.-H. A.",
title   = "",
journal = "Comput. Phys. Commun.",
volume  = 18,
pages   = 171,
year    = 1979
}



@article{MS95,
author  = "M{\"u}ller, E. and Steinmetz, M.",
title   = "Simulating self-gravitating hydrodynamic flows",
journal = "Comput. Phys. Commun.",
volume  = 89,
pages   = 45,
year    = 1995
}


@article{Baade_Zwicky,
author  = "Baade, W. and Zwicky, F.",
title   = "Supernovae and Cosmic Rays",
journal = "Phys. Rev.",
volume  = 45,
pages   = 138,
year    = 1934
}

@ARTICLE{Hoyle_Fowler,
    author  = {{Hoyle}, F. and {Fowler}, W. A.},
    title   = {Nucleosynthesis in Supernovae},
    journal = {\apj},
    year    = 1960,
    volume  = 132,
    pages   = {565},
    adsnote = {Provided by the NASA Astrophysics Data System}
}

@article{Liou00,
author  = "Liou, M.-S.",
title   = "Mass Flux Schemes and Connection to Shock Instability",
journal = "J. Comput. Phys.",
volume  = 160,
pages   = 623,
year    = 2000
}

@article{Liou96,
author  = "Liou, M.-S.",
title   = "A sequel to AUSM: AUSM+",
journal = "J. Comput. Phys.",
volume  = 129,
pages   = 364,
year    = 1996
}

@ARTICLE{Liou_Steffen93,
   author = {{Liou}, M.-S. and {Steffen}, C.~J.},
    title = "{A New Flux Splitting Scheme}",
  journal = {J. Comput. Phys.},
     year = 1993,
    month = jul,
   volume = 107,
    pages = {23-39},
      doi = {10.1006/jcph.1993.1122},
  adsnote = {Provided by the Smithsonian/NASA Astrophysics Data System}
}

@article{Einfeldt88,
author  = "Einfeldt, B.",
title   = "On Godunov-type methods for gas dynamics",
journal = "SIAM J. Num. Anal.",
volume  = 25,
pages   = 294,
year    = 1988
}

@article{Bader_Deuflhard83,
author  = "Bader, G. and Deuflhard, P.",
title   = "",
journal = "Numer. Math.",
volume  = 41,
pages   = 373,
year    = 1983
}

@article{BC89,
author  = "Berger, M. J. and Colella, P.",
title   = "Local Adaptive Mesh Refinement for Shock Hydrodynamics",
journal = "J. Comput. Phys.",
volume  = 82,
pages   = 64,
year    = 1989
}

@article{BO84,
author  = "Berger, M. and Oliger, J.",
title   = "Adaptive Mesh Refinement for 
           Hyperbolic Partial Differential Equations",
journal = "J. Comput. Phys.",
volume  = 53,
pages   = 484,
year    = 1984
}

@article{LeV88,
author  = "LeVeque, R. J.",
title   = "",
journal = "J. Comput. Phys.",
volume  = 78,
pages   = 36,
year    = 1988
}

@article{LeVY90,
author  = "LeVeque, R. J. and Yee, H. C.",
title   = "",
journal = "J. Comput. Phys.",
volume  = "86",
pages   = "187",
year    = 1990
}

@article{VanLeer79,
 author  = "Van Leer, B.",
 title   = "Towards the Ultimate Conservative Difference Scheme V.
            A Second-order Sequel to Godunov's Method",
 Journal = "J. Comput. Phys.",
 volume  = 32,
 pages   = 101,
 year    = 1979
}

@article{Sod78,
 author  = "Sod, G.",
 title   = "",
 Journal = "J. Comput. Phys.",
 volume  = 27,
 pages   = 1,
 year    = 1978
}

@article{CG85,
 author  = "Colella, P. and Glaz, H. M.",
 title   = "Efficient Solution Algorithms for the 
            Riemann Problem for Real Gases",
 Journal = "J. Comput. Phys.",
 volume  = 59,
 pages   = 264,
 year    = 1985
}


@article{colella+84,
 author  = "Colella, P. and Woodward, P. R.",
 title   = "The Piecewise Parabolic Method (PPM) for Gas-Dynamical Simulations",
 Journal = "J. Comput. Phys.",
 volume  = 54,
 pages   = "174",
 year    = 1984
}

@article{woodward+84,
 author  = "Woodward, P. R. and Colella, P.",
 title   = "The Numerical Simulation of Two-Dimensional 
            Fluid Flow with Strong Shocks",
 Journal = "J. Comput. Phys.",
 volume  = 54,
 pages   = 115,
 year    = 1984
}


@article{Ronchi+96,
author  = "Ronchi, C. and Iacono, R. and Paolucci, P. S.",
title   = "The cubed sphere: A new method for the solution of 
           partial differential equations in spherical geometry",
journal = "J. Comput. Phys.",
volume  = 124,
pages   = 93,
year    = 1996
}

@ARTICLE{AFM89,
    author = {{Arnett}, W. D.  and {Fryxell}, B.  and {M\"uller}, E. },
    title = {Instabilities and nonradial motion in SN 1987A},
    journal = {\apjl},
    year = 1989,
    volume = 341,
    pages = {L63},
    adsnote = {Provided by the NASA Astrophysics Data System}
}


@ARTICLE{vandenBergh71,
    author = {{van den Bergh}, S.},
    title = "{Optical Studies of Cassiopeia a. III. Spectra of the Supernova Remnant}",
    journal = {\apj},
    year = 1971,
    month = may,
    volume = 165,
    pages = {457},
    adsnote = {Provided by the NASA Astrophysics Data System}
}



@ARTICLE{anderson+94,
    author = {{Anderson}, M. C. and {Jones}, T. W. and {Rudnick}, L. and {Tregillis}, I. L. and 
        {Kang}, H. },
    title = {The dynamical and radiative evolution of clumpy supernova ejecta},
    journal = {\apjl},
    year = 1994,
    volume = 421,
    pages = {L31},
    adsnote = {Provided by the NASA Astrophysics Data System}
}


@ARTICLE{aschenbach+95,
    author = {{Aschenbach}, B. and {Egger}, R. and {Tr\"umper}, J.},
    title = {Discovery of explosion fragments outside 
             the vela supernova remnant shock-wave boundary},
    journal = {\nat},
    year = 1995,
    volume = 373,
    pages = {587},
    adsnote = {Provided by the NASA Astrophysics Data System}
}


@ARTICLE{Richards_Comella,
    author = {{Richards}, D. W. and {Comella}, J. M.},
    title = {The Period of Pulsar NP 0532},
    journal = {\nat},
    year = 1969,
    volume = 222,
    pages = {551},
}



@ARTICLE{Cocke+69,
    author = {{Cocke}, W. J. and {Disney}, M. J. and {Taylor}, D. J.},
    title = {Discovery of Optical Signals from Pulsar NP 0532},
    journal = {\nat},
    year = 1969,
    volume = 221,
    pages = {525},
}

@ARTICLE{Wallace+77,
    author = {{Wallace}, P. T. and {Peterson}, B. A. and {Murdin}, P. G. and 
        {Danziger}, I. J. and {Manchester}, R. N. and {Lyne}, A. G. and 
        {Goss}, W. M. and {Smith}, F. G. and {Disney}, M. J. and {Hartley}, K. F. and 
        {Jones}, D. H. P. and {Wellgate}, G. W.},
    title = {Detection of optical pulses from the VELA pulsar},
    journal = {\nat},
    year = 1977,
    volume = 266,
    pages = {692},
    adsnote = {Provided by the NASA Astrophysics Data System}
}



@ARTICLE{Large+68,
    author = {{Large}, M. I. and {Vaughan}, A. E. and {Mills}, B. Y.},
    title = {A Pulsar Supernova Association?},
    journal = {\nat},
    year = 1968,
    volume = 220,
    pages = {340},
}


@ARTICLE{BHF95,
    author = {{Burrows}, A.  and {Hayes}, J.  and {Fryxell}, B. A.},
    title = {On the Nature of Core-Collapse Supernova Explosions},
    journal = {\apj},
    year = 1995,
    month = sep,
    volume = 450,
    pages = {830},
    adsnote = {Provided by the NASA Astrophysics Data System}
}


@ARTICLE{BH96,
    author = {{Burrows}, A. and {Hayes}, J.},
    title = "{Pulsar Recoil and Gravitational Radiation Due
              to Asymmetrical Stellar Collapse and Explosion}",
    journal = {\prl},
    year = 1996,
    month = jan,
    volume = 76,
    pages = {352-355},
    adsnote = {Provided by the NASA Astrophysics Data System}
}

@ARTICLE{Thompson00,
    author = {{Thompson}, C.},
    title = "{Accretional Heating of Asymmetric Supernova Cores}",
    journal = {\apj},
    year = 2000,
    month = may,
    volume = 534,
    pages = {915-933},
    adsnote = {Provided by the NASA Astrophysics Data System}
}


@ARTICLE{blondin+03,
    author = {{Blondin}, J.M. and {Mezzacappa}, A. and {DeMarino}, C.},
    title = "{Stability of Standing Accretion Shocks, with an Eye toward Core-Collapse Supernovae}",
    journal = {\apj},
    year = 2003,
    month = feb,
    volume = 584,
    pages = {971},
    adsnote = {Provided by the NASA Astrophysics Data System}
}

@ARTICLE{Blondin_Mezzacappa05,
    author = {{Blondin}, J.~M. and {Mezzacappa}, A.},
    title  = "{The Spherical Accretion Shock Instability 
              in the Linear Regime}",
    journal = {\apj},
    year    = 2005,
    volume  ={submitted, astro-ph/0507181},
    pages   = {},
}


@ARTICLE{Liebendoerfer+01,
    author = {{Liebend{\" o}rfer}, M. and {Mezzacappa}, A. and {Thielemann}, F. and 
              {Messer}, O.~E. and {Hix}, W.~R. and {Bruenn}, S.~W.},
    title = "{Probing the gravitational well: No supernova explosion 
              in spherical symmetry with general relativistic Boltzmann 
              neutrino transport}",
    journal = {\prd},
    year = 2001,
    month = may,
    volume = 63,
    pages = {103004},
    adsnote = {Provided by the NASA Astrophysics Data System}
}


@ARTICLE{Buras+06a,
   author = {{Buras}, R. and {Rampp}, M. and {Janka}, {H.-T.} and
             {Kifonidis}, K.
	},
    title = "{Two-dimensional hydrodynamic core-collapse supernova 
              simulations with spectral neutrino transport. 
              I. Numerical method and results for a 15 M{\.o} star}",
  journal = {\aap},
   eprint = {arXiv:astro-ph/0507135},
 keywords = {supernovae: general, neutrinos, radiative transfer, hydrodynamics},
     year = 2006,
    month = mar,
   volume = 447,
    pages = {1049-1092},
      doi = {10.1051/0004-6361:20053783},
   adsurl = {http://adsabs.harvard.edu/abs/2006A%26A...447.1049B},
  adsnote = {Provided by the SAO/NASA Astrophysics Data System}
}


@ARTICLE{Buras+06b,
   author = {{Buras}, R. and {Janka}, {H.-T.} and {Rampp}, M. and 
             {Kifonidis}, K.
	},
    title = "{Two-dimensional hydrodynamic core-collapse supernova 
             simulations with spectral neutrino transport. 
             II. Models for different progenitor stars}",
  journal = {\aap},
   eprint = {arXiv:astro-ph/0512189},
 keywords = {supernovae: general, neutrinos, radiative transfer, hydrodynamics},
     year = 2006,
    month = oct,
   volume = 457,
    pages = {281-308},
      doi = {10.1051/0004-6361:20054654},
   adsurl = {http://adsabs.harvard.edu/abs/2006A%26A...457..281B},
  adsnote = {Provided by the SAO/NASA Astrophysics Data System}
}



@ARTICLE{Buras+03,
    author = {{Buras}, R. and {Rampp}, M. and
              {Janka}, H.-T. and {Kifonidis}, K.},
    title = "{Improved Models of Stellar Core Collapse and
              Still No Explosions: What Is Missing?}",
    journal = {\prl},
    year = 2003,
    month = jun,
    volume = 90,
    pages = {241101},
    adsnote = {Provided by the NASA Astrophysics Data System}
}



@ARTICLE{Foglizzo_Tagger00,
   author = {{Foglizzo}, T. and {Tagger}, M.},
    title = "{Entropic-acoustic instability in shocked
              accretion flows}",
  journal = {\aap},
     year = 2000,
    month = nov,
   volume = 363,
    pages = {174},
  adsnote = {Provided by the Smithsonian/NASA Astrophysics Data System}
}

@ARTICLE{Foglizzo02,
    author = {{Foglizzo}, T.},
    title = "{Non-radial instabilities of isothermal Bondi accretion
              with a shock: Vortical-acoustic cycle vs.
              post-shock acceleration}",
    journal = {\aap},
    year = 2002,
    month = sep,
    volume = 392,
    pages = {353},
    adsnote = {Provided by the NASA Astrophysics Data System}
}


@ARTICLE{foglizzo+06,
   author = {{Foglizzo}, T. and {Scheck}, L. and {Janka}, H.-T.},
    title = "{Neutrino-driven Convection versus Advection in
              Core-Collapse Supernovae}",
  journal = {\apj},
   eprint = {arXiv:astro-ph/0507636},
     year = 2006,
    month = dec,
   volume = 652,
    pages = {1436},
      doi = {10.1086/508443},
   adsurl = {http://adsabs.harvard.edu/abs/2006ApJ...652.1436F},
  adsnote = {Provided by the SAO/NASA Astrophysics Data System}
}



@ARTICLE{Scheck+04,
    author = {{Scheck}, L. and {Plewa}, T. and 
              {Janka}, H.-T. and {Kifonidis}, K. and {M{\"u}ller}, E.},
    title = "{Pulsar recoil by large-scale anisotropies 
              in supernova explosions}",
    journal = {\prl},
    year    = 2004,
    volume  = {92},
    pages   = {011103},
    adsnote = {Provided by the NASA Astrophysics Data System}
}


@ARTICLE{Scheck+06,
   author = {{Scheck}, L. and {Kifonidis}, K. and
             {Janka}, H.-T. and {M{\"u}ller}, E.
	},
    title = "{Multidimensional supernova simulations with approximative 
              neutrino transport. I. Neutron star kicks and the anisotropy
               of neutrino-driven explosions in two spatial dimensions}",
  journal = {\aap},
   eprint = {arXiv:astro-ph/0601302},
     year = 2006,
    month = oct,
   volume = 457,
    pages = {963-986},
      doi = {10.1051/0004-6361:20064855},
   adsurl = {http://adsabs.harvard.edu/abs/2006A%26A...457..963S},
  adsnote = {Provided by the SAO/NASA Astrophysics Data System}
}



@ARTICLE{scheck+08,
   author = {{Scheck}, L. and {Janka}, H.-T. and 
             {Foglizzo}, T. and {Kifonidis}, K.
	},
    title = "{Multidimensional supernova simulations with approximative 
              neutrino transport. II. Convection and the advective-acoustic
               cycle in the supernova core}",
  journal = {\aap},
archivePrefix = "arXiv",
   eprint = {0704.3001},
     year = 2008,
    month = jan,
   volume = 477,
    pages = {931},
      doi = {10.1051/0004-6361:20077701},
   adsurl = {http://adsabs.harvard.edu/abs/2008A%26A...477..931S},
  adsnote = {Provided by the SAO/NASA Astrophysics Data System}
}



@ARTICLE{hammer+09,
   author = {{Hammer}, N.~J. and {Janka}, H.~-. and {Mueller}, E.},
    title = "{Three-Dimensional Simulations of Mixing Instabilities in Supernova Explosions}",
  journal = {ArXiv e-prints},
archivePrefix = "arXiv",
   eprint = {0908.3474},
 keywords = {Astrophysics - Solar and Stellar Astrophysics},
     year = 2009,
    month = aug,
   adsurl = {http://adsabs.harvard.edu/abs/2009arXiv0908.3474H},
  adsnote = {Provided by the SAO/NASA Astrophysics Data System}
}

@ARTICLE{leonard+06,
   author = {{Leonard}, D.~C. and {Filippenko}, A.~V. and {Ganeshalingam}, M. and 
	{Serduke}, F.~J.~D. and {Li}, W. and {Swift}, B.~J. and {Gal-Yam}, A. and 
	{Foley}, R.~J. and {Fox}, D.~B. and {Park}, S. and {Hoffman}, J.~L. and 
	{Wong}, D.~S.},
    title = "{A non-spherical core in the explosion of supernova SN 2004dj}",
  journal = {\nat},
   eprint = {arXiv:astro-ph/0603297},
     year = 2006,
    month = mar,
   volume = 440,
    pages = {505-507},
      doi = {10.1038/nature04558},
   adsurl = {http://adsabs.harvard.edu/abs/2006Natur.440..505L},
  adsnote = {Provided by the SAO/NASA Astrophysics Data System}
}



@ARTICLE{Ohnishi+05,
    author = {Ohnishi, {N.} and  Kotake, {K.} and Yamada, {S.}},
    title   = {Numerical Analysis on Standing Accretion Shock
               Instability with Neutrino Heating in the Supernova
               Cores},
    journal = {\apj},
    year    = 2005,
    volume  = {submitted, astro-ph/0509765},
    pages   = {},
}


@ARTICLE{Hwang+04,
   author = {{Hwang}, U. and {Laming}, J.~M. and {Badenes}, C. and {Berendse}, F. and 
	{Blondin}, J. and {Cioffi}, D. and {DeLaney}, T. and {Dewey}, D. and 
	{Fesen}, R. and {Flanagan}, K.~A. and {Fryer}, C.~L. and {Ghavamian}, P. and 
	{Hughes}, J.~P. and {Morse}, J.~A. and {Plucinsky}, P.~P. and 
	{Petre}, R. and {Pohl}, M. and {Rudnick}, L. and {Sankrit}, R. and 
	{Slane}, P.~O. and {Smith}, R.~K. and {Vink}, J. and {Warren}, J.~S.
	},
    title = "{A Million Second Chandra View of Cassiopeia A}",
  journal = {\apjl},
     year = 2004,
    month = nov,
   volume = 615,
    pages = {L117-L120},
      doi = {10.1086/426186},
  adsnote = {Provided by the Smithsonian/NASA Astrophysics Data System}
}




@ARTICLE{BF93,
    author = {{Burrows}, A.  and {Fryxell}, B. A.},
    title = {A Convective Trigger for Supernova Explosions},
    journal = {\apjl},
    year = 1993,
    month = nov,
    volume = 418,
    pages = {L33},
    adsnote = {Provided by the NASA Astrophysics Data System}
}


@ARTICLE{Epstein79,
    author = {{Epstein}, R. I.},
    title = {Lepton-driven convection in supernovae},
    journal = {\mnras},
    year = 1979,
    volume = 188,
    pages = {305},
    adsnote = {Provided by the NASA Astrophysics Data System}
}


@ARTICLE{FA73,
    author = {{Falk}, S. W. and {Arnett}, W. D. },
    title = {A theoretical model for type II supernovae},
    journal = {\apjl},
    year = 1973,
    volume = 180,
    pages = {L65},
    adsnote = {Provided by the NASA Astrophysics Data System}
}

@ARTICLE{FA77,
    author = {{Falk}, S. W. and {Arnett}, W. D. },
    title = {Radiation dynamics, envelope ejection, and supernova light curves},
    journal = {\apjs},
    year = 1977,
    volume = 33,
    pages = {515},
    adsnote = {Provided by the NASA Astrophysics Data System}
}

@ARTICLE{Bandiera84,
    author = {{Bandiera}, R.},
    title = {Convective supernovae},
    journal = {\aap},
    year = 1984,
    volume = 139,
    pages = {368},
    adsnote = {Provided by the NASA Astrophysics Data System}
}


@ARTICLE{BT90,
    author = {{Benz}, W.  and {Thielemann}, F.-K. },
    title = {Convective instabilities in SN 1987A},
    journal = {\apjl},
    year = 1990,
    volume = 348,
    pages = {L17},
    adsnote = {Provided by the NASA Astrophysics Data System}
}

@ARTICLE{ESN89,
    author = {{Ebisuzaki}, T.  and {Shigeyama}, T.  and {Nomoto}, K. 'I. },
    title = {Rayleigh-Taylor instability and mixing in SN 1987A},
    journal = {\apjl},
    year = 1989,
    volume = 344,
    pages = {L65},
    adsnote = {Provided by the NASA Astrophysics Data System}
}


@ARTICLE{chevalier76,
    author = {{Chevalier}, R. A.},
    title = {The hydrodynamics of Type II supernovae},
    journal = {\apj},
    year = 1976,
    volume = 207,
    pages = {872},
    adsnote = {Provided by the NASA Astrophysics Data System}
}

@ARTICLE{chevalier+78,
    author = {{Chevalier}, R. A. and {Klein}, R. I.},
    title = {On the Rayleigh-Taylor instability in stellar explosions},
    journal = {\apj},
    year = 1978,
    volume = 219,
    pages = {994-1007},
    adsnote = {Provided by the NASA Astrophysics Data System}
}

@ARTICLE{chevalier+89,
   author = {{Chevalier}, R.~A. and {Soker}, N.},
    title = "{Asymmetric envelope expansion of supernova 1987A}",
  journal = {\apj},
     year = 1989,
    month = jun,
   volume = 341,
    pages = {867-882},
  adsnote = {Provided by the Smithsonian/NASA Astrophysics Data System}
}


@ARTICLE{Fassia_Meikle99,
    author = {{Fassia}, A. and {Meikle}, W. P. S.},
    title = {$\rm ^{56}Ni$ dredge-up in Supernova 1987A},
    journal = {\mnras},
    year = 1999,
    volume = 302,
    pages = {314},
    adsnote = {Provided by the NASA Astrophysics Data System}
}

@ARTICLE{fassia+98,
    author = {{Fassia}, A. and {Meikle}, W. P. S. and 
             {Geballe}, T. R. and {Walton}, N. A. and 
             {Pollacco}, D. L. and {Rutten}, R. G. M. and 
             {Tinney}, C.},
    title = {$\rm ^{56}Ni$ dredge-up in the type IIp supernova 1995V},
    journal = {\mnras},
    year = 1998,
    volume = 299,
    pages = {150},
    adsnote = {Provided by the NASA Astrophysics Data System}
}

@ARTICLE{HMNS90,
    author  = {{Hachisu}, I.  and {Matsuda}, T.  and 
               {Nomoto}, K. 'I.  and {Shigeyama}, T. },
    title   = {Nonlinear growth of Rayleigh-Taylor instabilities
               and mixing in SN 1987A},
    journal = {\apjl},
    year    = 1990,
    volume  = 358,
    pages   = {L57},
    adsnote = {Provided by the NASA Astrophysics Data System}
}


@ARTICLE{HMNS91,
    author  = {{Hachisu}, I.  and {Matsuda}, T.  and 
               {Nomoto}, K. 'I.  and {Shigeyama}, T. },
    title   = {Rayleigh-Taylor instabilities and mixing in the helium star models 
               for Type Ib/Ic supernovae},
    journal = {\apjl},
    year    = 1991,
    volume  = 368,
    pages   = {L27},
    adsnote = {Provided by the NASA Astrophysics Data System}
}


@ARTICLE{HMNS92,
    author = {{Hachisu}, I.  and {Matsuda}, T.  and {Nomoto}, K. 'I.  and 
        {Shigeyama}, T. },
    title = {Mixing in ejecta of supernovae. I - 
             General properties of two-dimensional Rayleigh-Taylor instabilities
             and mixing width in ejecta of supernovae},
    journal = {\apj},
    year = 1992,
    month = may,
    volume = 390,
    pages = {230},
    adsnote = {Provided by the NASA Astrophysics Data System}
}




@ARTICLE{HMNS94,
    author  = {{Hachisu}, I. and {Matsuda}, T. and {Nomoto}, K. 'I. and {Shigeyama}, T.},
    title   = {Mixing in ejecta of supernovae. II. 
               Mixing width of 2D Rayleigh-Taylor instabilities in the helium star models 
               for type Ib/Ic supernovae},
    journal = {\aaps},
    year    = 1994,
    month   = apr,
    volume  = 104,
    pages   = {341},
    adsnote = {Provided by the NASA Astrophysics Data System}
}

@ARTICLE{herant+91,
    author = {{Herant}, M.  and {Benz}, W. },
    title = {Hydrodynamical instabilities and mixing in SN 1987A - 
             Two-dimensional simulations of the first 3 months},
    journal = {\apjl},
    year = 1991,
    volume = 370,
    pages = {L81-4},
    adsnote = {Provided by the NASA Astrophysics Data System}
}

@Article{herant+92,
  author  =  {Herant, M. and Benz, W.},
  title   =  {Postexplosion Hydrodynamics of SN 1987\,A},
  journal =  {\apj},
  year    =  {1992},
  volume  =  {387},
  pages   =  {294}
}

@ARTICLE{herant+bc92,
    author = {{Herant}, M.  and {Benz}, W.  and {Colgate}, S. },
    title = {Postcollapse hydrodynamics of SN 1987A - 
             Two-dimensional simulations of the early evolution},
    journal = {\apj},
    year = 1992,
    volume = 395,
    pages = {642},
    adsnote = {Provided by the NASA Astrophysics Data System}
}


@ARTICLE{fryer+02,
    author = {{Fryer}, C.~L. and {Warren}, M.~S.},
    title = "{Modeling Core-Collapse Supernovae in Three Dimensions}",
    journal = {\apjl},
    year = 2002,
    month = jul,
    volume = 574,
    pages = {L65-L68},
    adsnote = {Provided by the NASA Astrophysics Data System}
}


@Article{herant+94,
  author =  {Herant, M. and Benz, W. and Hix, W. R. and
                Fryer, C. L. and Colgate, S. A.},
  title  = {Inside the Supernova: A Powerful Convective Engine},
  journal = {\apj},
  year   = {1994},
  volume = {435},
  pages  = {339}
}


@ARTICLE{Hix_Thielemann96,
    author = {{Hix}, W. R.  and {Thielemann}, F.-K. },
    title = {Silicon Burning. I. Neutronization and the Physics of Quasi-Equilibrium},
    journal = {\apj},
    year = 1996,
    month = apr,
    volume = 460,
    pages = {869},
    adsnote = {Provided by the NASA Astrophysics Data System}
}


@ARTICLE{Hix_Thielemann99,
    author = {{Hix}, W. R.  and {Thielemann}, F.-K. },
    title = {Silicon Burning. II. Quasi-Equilibrium and Explosive Burning},
    journal = {\apj},
    year = 1999,
    month = feb,
    volume = 511,
    pages = {862},
    adsnote = {Provided by the NASA Astrophysics Data System}
}


@ARTICLE{herant_woosley94,
    author = {{Herant}, M.  and {Woosley}, S. E.},
    title = {Postexplosion hydrodynamics of supernovae in red supergiants},
    journal = {\apj},
    year = 1994,
    volume = 425,
    pages = {814-28},
    adsnote = {Provided by the NASA Astrophysics Data System}
}

@ARTICLE{Herant95,
    author = {{Herant}, M.},
    title  = {The convective engine paradigm for the 
              supernova explosion mechanism and its consequences},
    journal = {Phys. Rep.},
    year    = 1995,
    volume  = 256,
    pages   = {117},
    adsnote = {Provided by the NASA Astrophysics Data System}
}


@ARTICLE{Limongi+00,
    author = {{Limongi}, M. and {Straniero}, O. and {Chieffi}, A.},
    title = "{Massive Stars in the Range 13-25 M_{solar}: 
              Evolution and Nucleosynthesis. II. The Solar Metallicity Models}",
    journal = {\apjs},
    year = 2000,
    month = aug,
    volume = 129,
    pages = {625-664},
    adsnote = {Provided by the NASA Astrophysics Data System}
}


@Article{HM89,
  author = 	 {Hillebrandt, W. and Meyer, F.},
  title = 	 {},
  journal = 	 {\aap},
  year = 	 {1989},
  volume = 	 {219},
  pages = 	 {L3}
}

@ARTICLE{Minkowski,
    author  = {{Minkowski}, R.},
    title   = {Spectra of Supernovae},
    journal = {\pasp},
    year    = 1941,
    volume  = 53,
    pages   = {224},
    adsnote = {Provided by the NASA Astrophysics Data System}
}

@ARTICLE{Hughes+00,
    author = {{Hughes}, J. P. and {Rakowski}, C. E. and {Burrows}, D. N. and 
        {Slane}, P. O.},
    title = {Nucleosynthesis and Mixing in Cassiopeia A},
    journal = {\apjl},
    year = 2000,
    month = jan,
    volume = 528,
    pages = {L109},
    adsnote = {Provided by the NASA Astrophysics Data System}
}


@ARTICLE{Iwamoto+97,
    author = {{Iwamoto}, K.  and {Young}, T. R. and 
              {Nakasato}, N.  and {Shigeyama}, T.  and 
              {Nomoto}, K. 'I.  and {Hachisu}, I.  and {Saio}, H. },
    title = {Instabilities and Mixing in SN 1993J},
    journal = {\apj},
    year = 1997,
    volume = 477,
    pages = {865},
    adsnote = {Provided by the NASA Astrophysics Data System}
}

@ARTICLE{Jennings+93,
    author = {{Jennings},  D.~E. and {Boyle}, R.~J. and 
              {Wiedemann}, G.~R. and {Moseley}, S.~H.},
    title = "{High-resolution mid-infrared spectra of Co II, Ni I, 
              and Fe II in SN 1987A}",
    journal = {\apj},
    year = 1993,
    month = may,
    volume = 408,
    pages = {277},
    adsnote = {Provided by the NASA Astrophysics Data System}
}


@ARTICLE{JM94,
    author = {{Janka}, H.-T. and {M{\"u}ller}, E.},
    title = "{Neutron star recoils from anisotropic supernovae.}",
    journal = {\aap},
    year = 1994,
    month = oct,
    volume = 290,
    pages = {496-502},
    adsnote = {Provided by the NASA Astrophysics Data System}
}


@Article{JM96,
  author = {Janka, H.-Th. and M\"uller, E.},
  title  = {Neutrino Heating, Convection, and the Mechanism of 
            Type-II Supernova Explosions},
  journal = {\aap},
  year   = {1996},
  volume = {306},
  pages  = {167}
}


@Article{Lucy91,
  author = 	 {Lucy, L.},
  title = 	 {Nonthermal excitation of helium in type Ib supernovae},
  journal = 	 {\apj},
  year = 	 {1991},
  volume = 	 {383},
  pages = 	 {308}
}


@ARTICLE{Mezz+98,
    author  = {{Mezzacappa}, A. and {Calder}, A. C. and {Bruenn}, S. W. and 
               {Blondin}, J. M. and {Guidry}, M. W. and {Strayer}, M. R. and 
               {Umar}, A. S.},
    title   = {The Interplay between Proto--Neutron Star Convection and Neutrino
               Transport in Core-Collapse Supernovae},
    journal = {\apj},
    year    = 1998,
    month   = jan,
    volume  = 493,
    pages   = {848},
    adsnote = {Provided by the NASA Astrophysics Data System}
}



@ARTICLE{Mezzacappa+98,
    author  = {{Mezzacappa}, A. and {Calder}, A. C. and {Bruenn},  S. W. and 
                {Blondin}, J. M. and {Guidry}, M. W. and {Strayer}, M. R. and 
                {Umar}, A. S.},
    title   = {An Investigation of Neutrino-driven Convection 
               and the Core Collapse Supernova Mechanism Using 
               Multigroup Neutrino Transport},
    journal = {\apj},
    year    = 1998,
    month   = mar,
    volume  = 495,
    pages   = {911},
    adsnote = {Provided by the NASA Astrophysics Data System}
}


@Article{Miller+93,
  author = 	 {Miller, D. S. and Wilson, J. R. and Mayle, R. W.},
  title = 	 {Convection above the neutrinosphere in Type II supernovae},
  journal = 	 {\apj},
  year = 	 {1993},
  volume = 	 {415},
  pages = 	 {278}
}

@ARTICLE{Mueller+89,
    author  = {{M\"uller}, E. and {Hillebrandt}, W. and {Orio}, M. and {H\"oflich}, P. and 
              {M\"onchmeyer}, R. and {Fryxell}, B. A.},
    title   = {Mixing and fragmentation in supernova envelopes},
    journal = {\aap},
    year    = 1989,
    volume  = 220,
    pages   = {167},
    adsnote = {Provided by the NASA Astrophysics Data System}
}


@ARTICLE{Mueller+95,
   author = {{M{\"u}ller}, E. and {Steinmetz}, M.},
    title = "{Simulating self-gravitating hydrodynamic flows}",
  journal = {Computer Physics Communications},
   eprint = {arXiv:astro-ph/9402070},
     year = 1995,
    month = aug,
   volume = 89,
    pages = {45-58},
      doi = {10.1016/0010-4655(94)00185-5},
   adsurl = {http://adsabs.harvard.edu/abs/1995CoPhC..89...45M},
  adsnote = {Provided by the SAO/NASA Astrophysics Data System}
}



@ARTICLE{Hillebrandt_Hoeflich89,
    author  = {{Hillebrandt}, W. and {H\"oflich}, P.},
    title   = {The supernova 1987A in the Large Magellanic Cloud},
    journal = {Rep. Prog. Phys.},
    year    = 1989,
    volume  = 52,
    pages   = {1421}
}


@ARTICLE{MFA91,
    author = {{M\"uller}, E. and {Fryxell}, B. and {Arnett}, W. D.},
    title = {Instability and clumping in SN 1987A},
    journal = {\aap},
    year = 1991,
    volume = 251,
    pages = {505},
    adsnote = {Provided by the NASA Astrophysics Data System}
}


@ARTICLE{Nittler+96,
    author = {{Nittler}, L. R. and {Amari}, S.  and {Zinner}, E.  and {Woosley}, S. E. and 
        {Lewis}, R. S.},
    title = {Extinct {$^{44}Ti$} in Presolar Graphite and SiC: Proof of a Supernova Origin},
    journal = {\apjl},
    year = 1996,
    volume = 462,
    pages = {L31},
    adsnote = {Provided by the NASA Astrophysics Data System}
}


@ARTICLE{Arnett87,
    author  = {{Arnett}, W. D. },
    title   = {Supernova theory and supernova 1987A},
    journal = {\apj},
    year    = 1987,
    volume  = 319,
    pages   = {136},
    adsnote = {Provided by the NASA Astrophysics Data System}
}



@ARTICLE{Arnett88,
    author = {{Arnett}, W. D. },
    title = {On the early behavior of supernova 1987A},
    journal = {\apj},
    year = 1988,
    volume = 331,
    pages = {377},
    adsnote = {Provided by the NASA Astrophysics Data System}
}



@ARTICLE{FMA91,
    author = {{Fryxell}, B. and {M\"uller}, E. and {Arnett}, W. D.  },
    title = {Instabilities and clumping in SN 1987A. I - Early evolution in two dimensions},
    journal = {\apj},
    year = 1991,
    volume = 367,
    pages = {619},
    adsnote = {Provided by the NASA Astrophysics Data System}
}

@ARTICLE{NNM88,
    author  = {{Nagasawa}, M.  and {Nakamura}, T.  and {Miyama}, S. M.},
    title   = {Three-dimensional hydrodynamical simulations of type II supernova - 
               Mixing and fragmentation of ejecta},
    journal = {\pasj},
    year    = 1988,
    volume  = 40,
    pages   = {691},
    adsnote = {Provided by the NASA Astrophysics Data System}
}

@ARTICLE{NSS98,
    author = {{Nagataki}, S.  and {Shimizu}, T. M. and {Sato}, K. },
    title = {Matter Mixing from Axisymmetric Supernova Explosion},
    journal = {\apj},
    year = 1998,
    volume = 495,
    pages = {413},
    adsnote = {Provided by the NASA Astrophysics Data System}
}

@ARTICLE{Nagataki00,
   author = {{Nagataki}, S.},
    title = "{Effects of Jetlike Explosion in SN 1987A}",
  journal = {\apjs},
     year = 2000,
    month = mar,
   volume = 127,
    pages = {141-157},
  adsnote = {Provided by the Smithsonian/NASA Astrophysics Data System}
}



@ARTICLE{NHSY97,
    author = {{Nagataki}, S.  and {Hashimoto}, M.-A.  and {Sato}, K.  and 
              {Yamada}, S. },
    title = {Explosive Nucleosynthesis in Axisymmetrically Deformed Type II Supernovae},
    journal = {\apj},
    year = 1997,
    volume = 486,
    pages = {1026},
    adsnote = {Provided by the NASA Astrophysics Data System}
}


@Article{Luescher94,
  author  = 	 {L{\"u}scher, M.},
  title   = 	 {A portable high-quality random number generator
                  for lattice field theory simulations},
  journal = 	 {Comput. Phys. Commun.},
  year    = 	 {1994},
  volume  = 	 {79},
  pages   = 	 {100}
}


@Article{James94,
  author  = 	 {James, F.},
  title   = 	 {RANLUX: A Fortran implementation of the high-quality 
                  pseudorandom number generator of L{\"u}scher},
  journal = 	 {Comput. Phys. Commun.},
  year    = 	 {1994},
  volume  = 	 {79},
  pages   = 	 {111}
}

@Article{James97,
  author  = 	 {James, F.},
  title   = 	 {RANLUX: A Fortran implementation of the high-quality 
                  pseudorandom number generator of L{\"u}scher (Erratum)},
  journal = 	 {Comput. Phys. Commun.},
  year    = 	 {1996},
  volume  = 	 {97},
  pages   = 	 {357}
}


@Article{PM99,
  author  = 	 {Plewa, T. and M\"uller, E.},
  title   = 	 {The Consistent Multi-fluid Advection method},
  journal = 	 {\aap},
  year    = 	 {1999},
  volume  = 	 {342},
  pages   = 	 {179}
}



@Article{PM01,
  author  = {Plewa, T. and M\"uller, E.},
  title   = {AMRA: An Adaptive Mesh Refinement hydrodynamic code for astrophysics},
  journal = {Comput. Phys. Commun.},
  year    = {2001},
  volume  = {138},
  pages   = {101}
}



@Article{PJR90,
  author = 	 {Podsiadlowski, P. and  Joss, P.C. and Rappaport, S.},
  title = 	 {},
  journal = 	 {\aap},
  year = 	 {1990},
  volume = 	 {227},
  pages = 	 {L9}
}


@Article{Quirk94,
  author = 	 {Quirk, J. J.},
  title = 	 {A contribution to the great Riemann solver debate},
  journal = 	 {Int. J. Num. Meth. Fluids},
  year = 	 {1994},
  volume = 	 {18},
  pages = 	 {555}
}


@ARTICLE{Shigeyama_Nomoto90,
    author  = {{Shigeyama}, T.  and {Nomoto}, K. 'I. },
    title   = {Theoretical light curve of SN 1987A and mixing of hydrogen and nickel in the ejecta},
    journal = {\apj},
    year    = 1990,
    volume  = 360,
    pages   = {242},
    adsnote = {Provided by the NASA Astrophysics Data System}
}



@ARTICLE{Nomoto+88,
    author = {{Nomoto}, K. 'I.  and {Shigeyama}, T.  and {Kumagai}, S.  and 
              {Hashimoto}, M.-A. },
    title   = {New developments in theoretical modelling of SN 1987A},
    journal = {Proceedings of the Astronomical Society of Australia},
    year    = 1988,
    volume  = 7,
    pages   = {490},
    adsnote = {Provided by the NASA Astrophysics Data System}
}

@ARTICLE{Nomoto_Hashimoto88,
    author  = {{Nomoto}, K. 'I.  and {Hashimoto}, M.-A. },
    title   = {Presupernova evolution of massive stars},
    journal = {Physics Reports},
    year    = 1988,
    volume  = 163,
    pages   = {13}
}


@ARTICLE{Kumagai+89,
    author = {{Kumagai}, S.  and {Shigeyama}, T.  and {Nomoto}, K. 'I.  and 
        {Itoh}, M.  and {Nishimura}, J.  and {Tsuruta}, S. },
    title = {Gamma rays, X-rays, and optical light from the cobalt 
             and the neutron star in SN 1987A},
    journal = {\apj},
    year = 1989,
    month = oct,
    volume = 345,
    pages = {412},
    adsnote = {Provided by the NASA Astrophysics Data System}
}

@ARTICLE{Suntzeff_Bouchet90,
   author = {{Suntzeff}, N.~B. and {Bouchet}, P.},
    title = "{The bolometric light curve of SN 1987A. I - 
              Results from ESO and CTIO U to Q0 photometry}",
  journal = {\aj},
     year = 1990,
    month = feb,
   volume = 99,
    pages = {650-663},
  adsnote = {Provided by the Smithsonian/NASA Astrophysics Data System}
}

@ARTICLE{Bouchet+91,
   author = {{Bouchet}, P. and {Phillips}, M.~M. and 
             {Suntzeff}, N.~B. and 
             {Gouiffes}, C. and {Hanuschik}, R.~W. and
             {Wooden}, D.~H.},
    title = "{The Bolometric Lightcurve of Supernova 1987A - 
              Part Two - Results from Visible and Infrared
              Spectrophotometry}",
  journal = {\aap},
     year = 1991,
    month = may,
   volume = 245,
    pages = {490},
  adsnote = {Provided by the Smithsonian/NASA Astrophysics Data System}
}



@ARTICLE{Spyromilio91,
    author = {{Spyromilio}, J. },
    title = {Supernova 1988A - Another clumped supernova},
    journal = {\mnras},
    year = 1991,
    volume = 253,
    pages = {25P},
    adsnote = {Provided by the NASA Astrophysics Data System}
}


@ARTICLE{SSM93,
    author = {{Spyromilio}, J. and {Stathakis}, R. A. and {Meurer}, G. R.},
    title = {Clumping and smallscale mixing in supernova 1987A},
    journal = {\mnras},
    year = 1993,
    volume = 263,
    pages = {530},
    adsnote = {Provided by the NASA Astrophysics Data System}
}


@ARTICLE{Spyromilio94,
    author = {{Spyromilio}, J.},
    title = {Clumping and largescale anisotropy in supernova 1993J},
    journal = {\mnras},
    year = 1994,
    volume = 266,
    pages = {L61},
    adsnote = {Provided by the NASA Astrophysics Data System}
}

@ARTICLE{T+99,
    author = {{Travaglio}, C.  and {Gallino}, R.  and {Amari}, S.  and 
              {Zinner}, E.  and    {Woosley}, S.  and {Lewis}, R. S.},
    title = {Low-Density Graphite Grains and Mixing in Type II Supernovae},
    journal = {\apj},
    year = 1999,
    volume = 510,
    pages = {325},
    adsnote = {Provided by the NASA Astrophysics Data System}
}



@Article{TNH96,
  author = 	 {Thielemann, F.-K. and Nomoto, K. 'I. and Hashimoto, M.},
  title = 	 {Core-Collapse Supernovae and their Ejecta},
  journal = 	 {\apj},
  year = 	 {1996},
  volume = 	 {460},
  pages = 	 {408}
}


@Article{VanRiper79,
  author = 	 { Van Riper, K. A.},
  title = 	 {General Relativistic Hudrodynamics 
                  and the Adiabatic Collapse of Stellar Cores},
  journal = 	 {\apj},
  year = 	 {1979},
  volume = 	 {232},
  pages = 	 {558}
}



@ARTICLE{WK85,
    author = {{Winkler}, P. F. and {Kirshner}, R. P.},
    title = {Discovery of fast-moving oxygen filaments in Puppis A},
    journal = {\apj},
    year = 1985,
    volume = 299,
    pages = {981},
    adsnote = {Provided by the NASA Astrophysics Data System}
}

@ARTICLE{Woosley88,
    author  = {{Woosley}, S. E.},
    title   = {SN 1987A - After the peak},
    journal = {\apj},
    year    = 1988,
    volume  = 330,
    pages   = {218},
    adsnote = {Provided by the NASA Astrophysics Data System}
}




@ARTICLE{Mitchell+01,
    author = {{Mitchell}, R.~C. and {Baron}, E. and 
              {Branch}, D. and {Lundqvist}, P. and 
              {Blinnikov}, S. and {Hauschildt}, P.~H. and {Pun}, C.~S.~J.},
    title = "{^{56}Ni Mixing in the Outer Layers of SN 1987A}",
    journal = {\apj},
    year = 2001,
    month = aug,
    volume = 556,
    pages = {979-986},
    adsnote = {Provided by the NASA Astrophysics Data System}
}


@ARTICLE{Blinnikov99,
   author = {{Blinnikov}, S.~I.},
    title = "{Modeling of the light curve and parameters
              of the supernova 1987A}",
  journal = {Astronomy Letters},
     year = 1999,
    month = jun,
   volume = 25,
    pages = {359-368},
  adsnote = {Provided by the Smithsonian/NASA Astrophysics Data System}
}


@ARTICLE{WEWP94,
    author = {{Woosley}, S.~E. and {Eastman}, R.~G. and {Weaver}, T.~A.
               and {Pinto}, P.~A.},
    title = "{SN 1993J: A Type IIb supernova}",
    journal = {\apj},
    year = 1994,
    month = jul,
    volume = 429,
    pages = {300-318},
    adsnote = {Provided by the NASA Astrophysics Data System}
}


@ARTICLE{Woosley_Weaver,
    author  = {{Woosley}, S. E. and Weaver, T. A.},
    title   = {The Great Supernova of 1987},
    journal = {Scientifc American},
    year    = 1989,
    month   = {August},
    volume  = {August},
    pages   = {24},
    adsnote = {Provided by the NASA Astrophysics Data System}
}

@ARTICLE{Woosley_Weaver94,
    author = {{Woosley}, S. E. and {Weaver}, T. A.},
    title = {Sub-Chandrasekhar mass models for Type IA supernovae},
    journal = {\apj},
    year = 1994,
    month = mar,
    volume = 423,
    pages = {371},
    adsnote = {Provided by the NASA Astrophysics Data System}
}

@ARTICLE{Amari95,
    author = {{Amari}, S.  and {Zinner}, E.  and {Lewis}, R. S.},
    title = {Large {$^{18}O$} Excesses in Circumstellar Graphite Grains from 
             the Murchison Meteorite: Indication of a Massive-Star Origin},
    journal = {\apjl},
    year = 1995,
    month = jul,
    volume = 447,
    pages = {L147},
    adsnote = {Provided by the NASA Astrophysics Data System}
}

@ARTICLE{WW95,
    author = {{Woosley}, S. E. and {Weaver}, T. A.},
    title = {The Evolution and Explosion of Massive Stars. II. 
             Explosive Hydrodynamics and Nucleosynthesis},
    journal = {\apjs},
    year = 1995,
    month = nov,
    volume = 101,
    pages = {181},
    adsnote = {Provided by the NASA Astrophysics Data System}
}

@ARTICLE{WPE88,
    author  = {{Woosley}, S. E. and {Pinto}, P. A. and {Ensman}, L.},
    title   = {Supernova 1987A - Six weeks later},
    journal = {\apj},
    year    = 1988,
    volume  = 324,
    pages   = {466},
    adsnote = {Provided by the NASA Astrophysics Data System}
}


@ARTICLE{IYKS92,
    author  = {{Ishikawa}, S. and {Yamada}, S. and {Kiguchi}, M. and {Sato}, K.},
    title   = {Asymmetric explosion in SN 1987 A},
    journal = {\aap},
    year    = 1992,
    volume  = 258,
    pages   = {415},
    adsnote = {Provided by the NASA Astrophysics Data System}
}


@ARTICLE{YS90,
    author  = {{Yamada}, S.  and {Sato}, K. },
    title   = {Global mixing in SN 1987A by the asymmetric shock wave},
    journal = {\apjl},
    year    = 1990,
    volume  = 358,
    pages   = {L9},
    adsnote = {Provided by the NASA Astrophysics Data System}
}

@ARTICLE{Yamada_Sato91,
    author  = {{Yamada}, S.  and {Sato}, K. },
    title   = {Rayleigh-Taylor instability in the asymmetric
               supernova explosion},
    journal = {\apj},
    year    = 1991,
    volume  = 382,
    pages   = {594},
    adsnote = {Provided by the NASA Astrophysics Data System}
}


@ARTICLE{Yamada+99,
    author = {{Yamada}, S.  and {Janka}, H.-Th.  and {Suzuki}, H. },
    title = {Neutrino transport in type II supernovae:  
             Boltzmann solver vs. Monte Carlo method},
    journal = {\aap},
    year = 1999,
    volume = 344,
    pages = {533},
    adsnote = {Provided by the NASA Astrophysics Data System}
}

@ARTICLE{YS94,
    author  = {{Yamada}, S. and {Sato}, K.},
    title   = {Numerical study of rotating core collapse in supernova explosions},
    journal = {\apj},
    year    = 1994,
    volume  = 434,
    pages   = {268},
    adsnote = {Provided by the NASA Astrophysics Data System}
}

@ARTICLE{SYS94,
    author  = {{Shimizu}, T.  and {Yamada}, S.  and {Sato}, K. },
    title   = {Axisymmetric neutrino radiation and the mechanism of supernova explosions},
    journal = {\apjl},
    year    = 1994,
    volume  = 432,
    pages   = {L119},
    adsnote = {Provided by the NASA Astrophysics Data System}
}


@ARTICLE{ABKW89,
    author  = {{Arnett}, W. D.  and {Bahcall}, J. N. and {Kirshner}, R. P. and 
              {Woosley}, S. E.},
    title   = {Supernova 1987A},
    journal = {\araa},
    year    = 1989,
    volume  = 27,
    pages   = {629},
    adsnote = {Provided by the NASA Astrophysics Data System}
}


@ARTICLE{VT91,
    author  = {{van Den Bergh}, S.  and {Tammann}, G. A.},
    title   = {Galactic and extragalactic supernova rates},
    journal = {\araa},
    year    = 1991,
    volume  = 29,
    pages   = {363},
    adsnote = {Provided by the NASA Astrophysics Data System}
}



@ARTICLE{NIS95,
    author  = {{Nomoto}, K. 'I.  and {Iwamoto}, K. and Suzuki, T.},
    title   = {The evolution and explosion of massive binary stars 
               and Type Ib-Ic-IIb-IIL supernovae},
    journal = {Physics Reports},
    year    = 1995,
    volume  = 256,
    pages   = {173},
    adsnote = {Provided by the NASA Astrophysics Data System}
}


@ARTICLE{Capellaro+97,
    author  = {{Cappellaro}, E. and {Turatto}, M. and {Tsvetkov}, D. Y.  and 
               {Bartunov}, O. S. and {Pollas}, C. and {Evans}, R. and {Hamuy}, M.
              },
    title   = {The rate of supernovae from the combined sample of five searches.},
    journal = {\aap},
    year    = 1997,
    volume  = 322,
    pages   = {431},
    adsnote = {Provided by the NASA Astrophysics Data System}
}

@ARTICLE{Staelin_Reifenstein,
    author  = {{Staelin}, D. H. and {Reifenstein}, E. C.},
    title   = {Pulsating Radio Sources near the Crab Nebula},
    journal = {Science},
    year    = 1968,
    volume  = 162,
    pages   = {1481}
}

@ARTICLE{Clark+81,
    author = {{Clark}, D. H. and {Andrews}, P. J. and {Smith}, R. C.},
    title = {Are we overdue for a galactic supernova?},
    journal = {The Observatory},
    year = 1981,
    volume = 101,
    pages = {203},
    adsnote = {Provided by the NASA Astrophysics Data System}
}

@ARTICLE{Bruenn85,
    author = {{Bruenn}, S. W.},
    title = {Stellar core collapse - Numerical model and infall epoch},
    journal = {\apjs},
    year = 1985,
    volume = 58,
    pages = {771},
    adsnote = {Provided by the NASA Astrophysics Data System}
}

@ARTICLE{Bruenn_Haxton91,
    author = {{Bruenn}, S. W. and {Haxton}, W. C.},
    title = {Neutrino-nucleus interactions in core-collapse supernovae},
    journal = {\apj},
    year = 1991,
    volume = 376,
    pages = {678},
    adsnote = {Provided by the NASA Astrophysics Data System}
}


@ARTICLE{Bruenn+06,
   author = {Bruenn, S. W.  and Raley, E. A.  and Mezzacappa, A.},
    title = "{Fluid Stability Below the Neutrinospheres of 
              Supernova Progenitors and the Dominant Role
              of Lepto-Entropy Fingers}",
  journal = {\apj},
  volume  = {submitted, astro-ph/0404099},
     year = 2006
}



@ARTICLE{Lattimer_Swesty,
    author  = {{Lattimer}, J. M. and {Swesty}, F. D.},
    title   = {A generalized equation of state for hot, dense matter},
    journal = {Nucl. Phys. A},
    year    = 1991,
    volume  = 535,
    pages   = {331},
}


@ARTICLE{Messer+98,
    author = {{Messer}, O. E. B. and {Mezzacappa}, A. and {Bruenn}, S. W. and 
        {Guidry}, M. W.},
    title = {A Comparison of Boltzmann and Multigroup Flux-limited Diffusion 
             Neutrino Transport during the Postbounce Shock Reheating Phase 
             in Core-Collapse Supernovae},
    journal = {\apj},
    year = 1998,
    volume = 507,
    pages = {353},
    adsnote = {Provided by the NASA Astrophysics Data System}
}


@ARTICLE{kifonidis+00,
    author = {{Kifonidis}, K. and {Plewa}, T. and 
              {Janka}, H.-Th.  and {M\"uller}, E.
             },
    title = {Nucleosynthesis and Clump Formation in a Core-Collapse Supernova},
    journal = {\apjl},
    year = 2000,
    month = mar,
    volume = 531,
    pages = {L123},
    adsnote = {Provided by the NASA Astrophysics Data System}
}

@ARTICLE{kifonidis+03,
    author = {{Kifonidis}, K. and {Plewa}, T. and 
              {Janka}, H.-Th.  and {M\"uller}, E.
             },
    title = {Non-spherical core-collapse supernovae 
             I. Neutrino-driven convection, Rayleigh-Taylor 
                instabilities, and the formation and propagation
                of metal clumps},
    journal = {\aap},
    year    = 2003,
    month   = sep,
    volume  = 408,
    pages   = {621 (Paper~I)}
}

@ARTICLE{kifonidis+06,
   author = {{Kifonidis}, K. and {Plewa}, T. and {Scheck}, L. and {Janka}, H.-T. and 
	{M{\"u}ller}, E.},
    title = "{Non-spherical core collapse supernovae.  II. The late-time evolution of globally anisotropic neutrino-driven explosions and their implications for SN 1987 A}",
  journal = {\aap},
   eprint = {arXiv:astro-ph/0511369},
 keywords = {hydrodynamics, instabilities, nucleosynthesis, shock waves, supernovae: general},
     year = 2006,
    month = jul,
   volume = 453,
    pages = {661 (Paper~II)}
}

@ARTICLE{Wheeler+02,
    author = {{Wheeler}, J.~C. and {Meier}, D.~L. and {Wilson}, J.~R.},
    title = "{Asymmetric Supernovae from Magnetocentrifugal Jets}",
    journal = {\apj},
    year = 2002,
    month = apr,
    volume = 568,
    pages = {807-819},
    adsnote = {Provided by the NASA Astrophysics Data System}
}

@ARTICLE{Khokhlov+99,
    author = {{Khokhlov}, A.~M. and {H{\"o}flich}, P.~A. and {Oran}, E.~S. and 
        {Wheeler}, J.~C. and {Wang}, L. and {Chtchelkanova}, A.~Y.},
    title = "{Jet-induced Explosions of Core Collapse Supernovae}",
    journal = {\apjl},
    year = 1999,
    month = oct,
    volume = 524,
    pages = {L107-L110},
    adsnote = {Provided by the NASA Astrophysics Data System}
}


@ARTICLE{Colgate_White,
    author = {{Colgate}, S. A. and {White}, R. H.},
    title = {The Hydrodynamic Behavior of Supernovae Explosions},
    journal = {\apj},
    year = 1966,
    volume = 143,
    pages = {626},
    adsnote = {Provided by the NASA Astrophysics Data System}
}


@ARTICLE{kane+00,
   author = {{Kane}, J. and {Arnett}, D. and {Remington}, B.~A. and {Glendinning}, S.~G. and 
	{Baz{\'a}n}, G. and {M{\"u}ller}, E. and {Fryxell}, B.~A. and 
	{Teyssier}, R.},
    title = "{Two-dimensional versus Three-dimensional Supernova Hydrodynamic Instability Growth}",
  journal = {\apj},
 keywords = {HYDRODYNAMICS, INSTABILITIES, METHODS: NUMERICAL, STARS: SUPERNOVAE: GENERAL},
     year = 2000,
    month = jan,
   volume = 528,
    pages = {989-994},
      doi = {10.1086/308220},
   adsurl = {http://adsabs.harvard.edu/abs/2000ApJ...528..989K},
  adsnote = {Provided by the SAO/NASA Astrophysics Data System}
}

@ARTICLE{Miles04,
    author = {{Miles}, A. R.},
    title = {Bubble merger model for the nonlinear 
             Rayleigh-Taylor instability driven by a 
             strong blast wave},
    journal = {Physics of Plasmas},
    year = 2004,
    month = nov,
    volume = 11,
    pages = {5140}
}


@ARTICLE{Hawley_Zabusky89,
   author = {{Hawley}, J.~F. and {Zabusky}, N.~J.},
    title = "{Vortex paradigm for shock-accelerated 
              density-stratified interfaces}",
  journal = {\prl},
     year = 1989,
    month = sep,
   volume = 63,
    pages = {1241-1244},
  adsnote = {Provided by the Smithsonian/NASA Astrophysics Data System}
}


@ARTICLE{HTD88,
    author = {{Hanuschik}, R. W. and {Thimm}, G.  and {Dachs}, J. },
    title = {H-alpha fine-structure in SN 1987A within the first 111 days},
    journal = {\mnras},
    year = 1988,
    month = sep,
    volume = 234,
    pages = {41P},
    adsnote = {Provided by the NASA Astrophysics Data System}
}


@ARTICLE{HD87,
    author = {{Hanuschik}, R. W. and {Dachs}, J.},
    title = {The H-alpha velocity structure during the first month of SN 1987a in the LMC},
    journal = {\aap},
    year = 1987,
    month = aug,
    volume = 182,
    pages = {L29},
    adsnote = {Provided by the NASA Astrophysics Data System}
}


@ARTICLE{Utrobin_Chugai05,
   author = {{Utrobin}, V.~P. and {Chugai}, N.~N.},
    title = "{Strong effects of time-dependent ionization 
              in early SN 1987A}",
  journal = {\aap},
     year = 2005,
    month = oct,
   volume = 441,
    pages = {271-281},
      doi = {10.1051/0004-6361:20042599},
  adsnote = {Provided by the Smithsonian/NASA Astrophysics Data System}
}

@ARTICLE{Utrobin04,
   author = {{Utrobin}, V.~P.},
    title = "{The Light Curve of Supernova 1987A: The Structure
              of the Presupernova and Radioactive Nickel Mixing}",
  journal = {Astronomy Letters},
     year = 2004,
    month = may,
   volume = 30,
    pages = {293-308},
  adsnote = {Provided by the Smithsonian/NASA Astrophysics Data System}
}


@ARTICLE{Utrobin+95,
    author = {{Utrobin}, V. P. and {Chugai}, N. N. and {Andronova}, A. A.},
    title = {Asymmetry of SN 1987A: Fast Ni-56 clump},
    journal = {\aap},
    year = 1995,
    month = mar,
    volume = 295,
    pages = {129},
    adsnote = {Provided by the NASA Astrophysics Data System}
}

@ARTICLE{Chugai94,
    author = {{Chugai}, N. N.},
    title = {The oxygen mass in SN 1987A: Making use of fluctuations
             in the (O I) {$\lambda \lambda$} 6300, 6364 profile},
    journal = {\apjl},
    year = 1994,
    month = jun,
    volume = 428,
    pages = {L17},
    adsnote = {Provided by the NASA Astrophysics Data System}
}

@ARTICLE{Shigeyama+88,
    author = {{Shigeyama}, T. and {Nomoto}, K. 'I. and {Hashimoto}, M.},
    title = {Hydrodynamical models and the light curve of Supernova 1987A 
             in the Large Magellanic Cloud},
    journal = {\aap},
    year = 1988,
    month = may,
    volume = 196,
    pages = {141},
    adsnote = {Provided by the NASA Astrophysics Data System}
}

@ARTICLE{Shigeyama+90,
    author = {{Shigeyama}, T.  and {Nomoto}, K. 'I.  and {Tsujimoto}, T.  and 
        {Hashimoto}, M.-A. },
    title = {Low-mass helium star models for type Ib supernovae - 
             Light curves, mixing, and nucleosynthesis},
    journal = {\apjl},
    year = 1990,
    month = sep,
    volume = 361,
    pages = {L23},
    adsnote = {Provided by the NASA Astrophysics Data System}
}



@ARTICLE{Colgan+94,
    author = {{Colgan}, S. W. J. and {Haas}, M. R. and {Erickson}, E. F. and 
        {Lord}, S. D. and {Hollenbach}, D. J.},
    title = {Day 640 infrared line and continuum measurements: Dust formation in SN 1987A},
    journal = {\apj},
    year = 1994,
    month = jun,
    volume = 427,
    pages = {874},
    adsnote = {Provided by the NASA Astrophysics Data System}
}

@ARTICLE{Haas+90,
    author = {{Haas}, M. R. and {Erickson}, E. F. and {Lord}, S. D. and {Hollenbach}, D. J. and 
        {Colgan}, S. W. J. and {Burton}, M. G.},
    title = {Velocity-resolved far-infrared spectra of forbidden Fe II - 
             Evidence for mixing and clumping in SN 1987A},
    journal = {\apj},
    year = 1990,
    month = sep,
    volume = 360,
    pages = {257},
    adsnote = {Provided by the NASA Astrophysics Data System}
}

@ARTICLE{Hanuschik+93,
    author = {{Hanuschik}, R. W. and {Spyromilio}, J. 
               and {Stathakis}, R. and {Kimeswenger}, S. 
               and {Gochermann}, J. and {Seidensticker}, K. J. and 
                   {Meurer}, G.},
    title = {Clumps in Supernova 1987A - the H-Alpha Line},
    journal = {\mnras},
    year = 1993,
    month = apr,
    volume = 261,
    pages = {909},
    adsnote = {Provided by the NASA Astrophysics Data System}
}

@ARTICLE{Spyromilio+93,
    author = {{Spyromilio}, J. and {Stathakis}, 
              R. A. and {Meurer}, G. R.},
    title = {Clumping and Smallscale Mixing in Supernova 1987A},
    journal = {\mnras},
    year = 1993,
    month = jul,
    volume = 263,
    pages = {530},
    adsnote = {Provided by the NASA Astrophysics Data System}
}


@ARTICLE{Spyromilio+90,
   author = {{Spyromilio}, J. and 
             {Meikle}, W.~P.~S. and {Allen}, D.~A.},
    title = "{Spectral line profiles of iron and nickel in
              supernova 1987A - Evidence for a fragmented
              nickel bubble}",
  journal = {\mnras},
     year = 1990,
    month = feb,
   volume = 242,
    pages = {669-673},
  adsnote = {Provided by the Smithsonian/NASA Astrophysics Data System}
}


@ARTICLE{Dotani+87,
    author = {{Dotani}, T. and {Hayashida}, K. and
              {Inoue}, H. and {Itoh}, M. and 
              {Koyama}, K.},
    title = {Discovery of an unusual hard X-ray source in
             the region of supernova 1987A},
    journal = {\nat},
    year = 1987,
    month = nov,
    volume = 330,
    pages = {230},
    adsnote = {Provided by the NASA Astrophysics Data System}
}

@ARTICLE{Matz+88,
    author = {{Matz}, S. M. and {Share}, G. H. and {Leising}, M. D. 
              and {Chupp}, E. L. and {Vestrand}, W. T.},
    title = {Gamma-ray line emission from SN1987A},
    journal = {\nat},
    year = 1988,
    month = feb,
    volume = 331,
    pages = {416},
    adsnote = {Provided by the NASA Astrophysics Data System}
}

@ARTICLE{Sunyaev+87,
    author = {{Sunyaev}, R. and {Kaniovskii}, A. and {Efremov}, V. 
         and {Gilfanov}, M. and {Churazov}, E.},
    title = {Discovery of hard X-ray emission from supernova 1987A},
    journal = {\nat},
    year = 1987,
    month = nov,
    volume = 330,
    pages = {227},
    adsnote = {Provided by the NASA Astrophysics Data System}
}

@ARTICLE{li+93,
    author = {{Li}, H.  and {McCray}, R.  and {Sunyaev}, R. A.},
    title = {Iron, Cobalt, and Nickel in SN 1987A},
    journal = {\apj},
    year = 1993,
    month = dec,
    volume = 419,
    pages = {824},
    adsnote = {Provided by the NASA Astrophysics Data System}
}

@ARTICLE{Kjaer+10,
   author = {{Kjaer}, K. and {Leibundgut}, B. 
            and {Fransson}, C. and {Jerkstrand}, A. and 
	{Spyromilio}, J.},
    title = "{The 3-D Structure of SN 1987A's inner Ejecta}",
  journal = {ArXiv e-prints},
archivePrefix = "arXiv",
   eprint = {1003.5684},
 keywords = {Astrophysics - Solar and Stellar Astrophysics},
     year = 2010,
    month = mar,
   adsurl = {http://adsabs.harvard.edu/abs/2010arXiv1003.5684K},
  adsnote = {Provided by the SAO/NASA Astrophysics Data System}
}


@ARTICLE{Kozma_Fransson98,
    author = {{Kozma}, C.  and {Fransson}, C. },
    title = {Late Spectral Evolution of SN 1987A. II. Line Emission},
    journal = {\apj},
    year = 1998,
    month = apr,
    volume = 497,
    pages = {431},
    adsnote = {Provided by the NASA Astrophysics Data System}
}


@ARTICLE{PW88a,
    author = {{Pinto}, P. A. and {Woosley}, S. E.},
    title = {X-ray and gamma-ray emission from supernova 1987A},
    journal = {\apj},
    year = 1988,
    volume = 329,
    pages = {820},
    adsnote = {Provided by the NASA Astrophysics Data System}
}


@ARTICLE{PW88b,
    author = {{Pinto}, P. A. and {Woosley}, S. E.},
    title = {The theory of gamma-ray emergence in supernova 1987A},
    journal = {\nat},
    year = 1988,
    month = jun,
    pages = {534},
    adsnote = {Provided by the NASA Astrophysics Data System}
}

@ARTICLE{Phillips+90,
    author = {{Phillips}, M. M. and {Hamuy}, M. and {Heathcote}, S. R. and 
        {Suntzeff}, N. B. and {Kirhakos}, S. },
    title = {An optical spectrophotometric atlas of supernova 1987A in the LMC. II - 
             CCD observations from day 198 to 805},
    journal = {\aj},
    year = 1990,
    month = apr,
    volume = 99,
    pages = {1133},
    adsnote = {Provided by the NASA Astrophysics Data System}
}

@ARTICLE{WH94,
    author = {{Wang}, L. and {Hu}, J.},
    title = {Blue-Shifted Oxygen Lines and the Clumpy Ejecta of Supernova 1993J},
    journal = {\nat},
    year = 1994,
    month = jun,
    volume = 369,
    pages = {380},
    adsnote = {Provided by the NASA Astrophysics Data System}
}
 
@ARTICLE{Swartz+93,
    author = {{Swartz}, D. A. and {Filippenko}, A. V. and {Nomoto}, K. 'I.  and 
             {Wheeler}, J. C.},
    title = {Spectra of low-mass helium star models and the type IC supernova SN 1987M},
    journal = {\apj},
    year = 1993,
    month = jul,
    volume = 411,
    pages = {313},
    adsnote = {Provided by the NASA Astrophysics Data System}
}

@ARTICLE{Filippenko_Sargent89,
    author = {{Filippenko}, A. V. and {Sargent}, W. L. W.},
    title = {Spectroscopic evidence for inhomogeneities in the ejecta 
             of the Type Ib supernova 1985F},
    journal = {\apjl},
    year = 1989,
    month = oct,
    volume = 345,
    pages = {L43},
    adsnote = {Provided by the NASA Astrophysics Data System}
}


@ARTICLE{Harkness+87,
    author = {{Harkness}, R. P. and {Wheeler}, J. C. and {Margon}, B. and 
        {Downes}, R. A. and {Kirshner}, R. P. and {Uomoto}, A. and {Barker}, E. S. and 
        {Cochran}, A. L. and {Dinerstein}, H. L. and {Garnett}, D. R. and 
        {Levreault}, R. M.},
    title = {The early spectral phase of type Ib supernovae - Evidence for helium},
    journal = {\apj},
    year = 1987,
    month = jun,
    volume = 317,
    pages = {355},
    adsnote = {Provided by the NASA Astrophysics Data System}
}

@ARTICLE{PH89,
    author = {{Phillips}, M. M. and {Heathcote}, S. R.},
    title = {Satellite emission features in the line profiles of SN 1987A},
    journal = {\pasp},
    year = 1989,
    month = feb,
    volume = 101,
    pages = {137},
    adsnote = {Provided by the NASA Astrophysics Data System}
}

@ARTICLE{Amari+92,
    author = {{Amari}, S.  and {Hoppe}, P.  and {Zinner}, E.  and {Lewis}, R. S.
        },
    title = {Interstellar SiC with unusual isotopic compositions - Grains from a supernova?},
    journal = {\apjl},
    year = 1992,
    month = aug,
    volume = 394,
    pages = {L43},
    adsnote = {Provided by the NASA Astrophysics Data System}
}

@ARTICLE{Livne_Arnett95,
    author = {{Livne}, E.  and {Arnett}, W. D. },
    title = {Explosions of Sub--Chandrasekhar Mass White Dwarfs in Two Dimensions},
    journal = {\apj},
    year = 1995,
    month = oct,
    volume = 452,
    pages = {62},
    adsnote = {Provided by the NASA Astrophysics Data System}
}

@ARTICLE{Hirata+87,
    author = {{Hirata}, K. and {Kajita}, T. and {Koshiba}, M. and {Nakahata}, M. and 
              {Oyama}, Y.},
    title = {Observation of a neutrino burst from the supernova SN1987A},
    journal = {\prl},
    year = 1987,
    month = apr,
    volume = 58,
    pages = {1490},
    adsnote = {Provided by the NASA Astrophysics Data System}
}

@ARTICLE{Bionta+87,
    author = {{Bionta}, R. M. and {Blewitt}, G. and {Bratton}, C. B. and {Caspere}, D. and 
        {Ciocio}, A.},
    title = {Observation of a neutrino burst in coincidence with supernova 1987A 
             in the Large Magellanic Cloud},
    journal = {\prl},
    year = 1987,
    month = apr,
    volume = 58,
    pages = {1494},
    adsnote = {Provided by the NASA Astrophysics Data System}
}


@ARTICLE{Wheeler+87,
    author = {{Wheeler}, J. C. and {Harkness}, R. P. and {Barker}, E. S. and 
        {Cochran}, A. L. and {Wills}, D.},
    title = {Supernovae 1983i and 1983v - Evidence for abundance variations in type Ib supernovae},
    journal = {\apjl},
    year = 1987,
    month = feb,
    volume = 313,
    pages = {L69},
    adsnote = {Provided by the NASA Astrophysics Data System}
}

@ARTICLE{Filippenko97,
    author = {{Fillipenko}, A. V.},
    title = {Optical Spectra of Supernovae},
    journal = {\araa},
    year = 1997,
    volume = 35,
    pages = {309},
    adsnote = {Provided by the NASA Astrophysics Data System}
}

@ARTICLE{Bethe_Wilson85,
    author = {{Bethe}, H. A. and {Wilson}, J. R.},
    title = {Revival of a stalled supernova shock by neutrino heating},
    journal = {\apj},
    year = 1985,
    month = aug,
    volume = 295,
    pages = {14},
    adsnote = {Provided by the NASA Astrophysics Data System}
}

@ARTICLE{Goldreich_Weber,
    author = {{Goldreich}, P. and {Weber}, S. V.},
    title = {Homologously collapsing stellar cores},
    journal = {\apj},
    year = 1980,
    month = jun,
    volume = 238,
    pages = {991},
    adsnote = {Provided by the NASA Astrophysics Data System}
}

@ARTICLE{Yahil83,
    author = {{Yahil}, A.},
    title = {Self-similar stellar collapse},
    journal = {\apj},
    year = 1983,
    month = feb,
    volume = 265,
    pages = {1047},
    adsnote = {Provided by the NASA Astrophysics Data System}
}

@ARTICLE{Janka_Keil97,
    author  = {Janka, H.-Th. and Keil, W. },
    title   = {Perspectives of core-collapse supernovae beyond SN 1987A},
    journal = {MPA Preprint},
    year    = 1997,
    volume  = 1043,
    pages   = {1},
}


@ARTICLE{FMA89,
    author  = {{Fryxell}, B. and {M\"uller}, E. and {Arnett}, W. D.},
    title   = {Hydrodynamics and Nuclear Burning},
    journal = {MPA Preprint},
    year    = 1989,
    volume  = 449,
    pages   = {1},
}



@ARTICLE{WLW95,
    author = {{Woosley}, S.~E. and {Langer}, N. and {Weaver}, T.~A.},
    title = "{The Presupernova Evolution and Explosion of Helium Stars
              That Experience Mass Loss}",
    journal = {\apj},
    year = 1995,
    month = jul,
    volume = 448,
    pages = {315},
    adsnote = {Provided by the NASA Astrophysics Data System}
}



@ARTICLE{WHLW97,
    author  = {Woosley, S. E. and Heger, A. and 
               Weaver, T. A. and Langer, N.},
    title   = {SN 1987A - Presupernova evolution and the progenitor star},
    journal = {MPA Preprint},
    year    = 1997,
    volume  = 1024,
    pages   = {},
}


@ARTICLE{Woosley+02,
   author = {{Woosley}, S.~E. and {Heger}, A. and {Weaver}, T.~A.},
    title = "{The evolution and explosion of massive stars}",
  journal = {Reviews of Modern Physics},
     year = 2002,
    month = nov,
   volume = 74,
    pages = {1015-1071},
  adsnote = {Provided by the NASA Astrophysics Data System}
}




@ARTICLE{Janka92,
    author = {{Janka}, H.-Th. },
    title = {Flux-limited neutrino diffusion versus Monte Carlo neutrino transport},
    journal = {\aap},
    year = 1992,
    month = mar,
    volume = 256,
    pages = {452},
    adsnote = {Provided by the NASA Astrophysics Data System}
}

@ARTICLE{Mezzacappa_Bruenn93,
    author = {{Mezzacappa}, A.  and {Bruenn}, S. W.},
    title = {Type II supernovae and Boltzmann neutrino transport - The infall phase},
    journal = {\apj},
    year = 1993,
    month = mar,
    volume = 405,
    pages = {637},
    adsnote = {Provided by the NASA Astrophysics Data System}
}

@ARTICLE{Mezzacappa_Bruenn93b,
    author = {{Mezzacappa}, A.  and {Bruenn}, S. W.},
    title = {A numerical method for solving the neutrino Boltzmann 
             equation coupled to spherically symmetric stellar core collapse},
    journal = {\apj},
    year = 1993,
    month = mar,
    volume = 405,
    pages = {669},
    adsnote = {Provided by the NASA Astrophysics Data System}
}

@ARTICLE{Bruenn+95,
    author = {{Bruenn}, S. W. and {Mezzacappa}, A. and {Dineva}, T. },
    title = {Dynamic and Diffusive Instabilities in  Core-Collapse Supernovae},
    journal = {Physics Reports},
    year = 1995,
    volume = 256,
    pages = {69},
}

@ARTICLE{Wilson_Mayle88,
    author  = {{Wilson}, J. R. and {Mayle}, R. W.},
    title   = {Convection in Core Collapse Supernovae},
    journal = {Physics Reports},
    year    = 1988,
    volume  = 163,
    pages   = {63},
}


@ARTICLE{Wilson_Mayle93,
    author  = {{Wilson}, J. R. and {Mayle}, R. W.},
    title   = {Report on the progress of supernova 
               research by the Livermore group},
    journal = {Physics Reports},
    year    = 1993,
    volume  = 227,
    pages   = {97},
}

@ARTICLE{Wilson+05,
   author = {{Wilson}, J.~R. and {Mathews}, G.~J. and {Dalhed}, H.~E.},
    title = "{On Rapidly Rotating Magnetic Core-Collapse Supernovae}",
  journal = {\apj},
     year = 2005,
    month = jul,
   volume = 628,
    pages = {335-342},
      doi = {10.1086/430297},
  adsnote = {Provided by the Smithsonian/NASA Astrophysics Data System}
}





@ARTICLE{Bethe90,
    author = {{Bethe}, H. A.},
    title = {Supernovae},
    journal = {Physics Today},
    year = 1990,
    month = sep,
    volume = 43,
    pages = {24},
    adsnote = {Provided by the NASA Astrophysics Data System}
}


@ARTICLE{MCCray93,
    author = {{McCray}, R.},
    title = "{Supernova 1987A revisited}",
    journal = {\araa},
    year = 1993,
    volume = 31,
    pages = {175-216},
    adsnote = {Provided by the NASA Astrophysics Data System}
}



@ARTICLE{Keil+96,
    author = {{Keil}, W.  and {Janka}, H.-Th.  and M{\"u}ller, E. },
    title = {Ledoux Convection in Protoneutron Stars---
             A Clue to Supernova Nucleosynthesis?},
    journal = {\apjl},
    year = 1996,
    month = dec,
    volume = 473,
    pages = {L111},
    adsnote = {Provided by the NASA Astrophysics Data System}
}


@ARTICLE{Thompson+03,
    author = {{Thompson}, T.~A. and {Burrows}, A. and {Pinto}, P.~A.},
    title = "{Shock Breakout in Core-Collapse Supernovae and Its Neutrino Signature}",
    journal = {\apj},
    year = 2003,
    month = jul,
    volume = 592,
    pages = {434-456},
    adsnote = {Provided by the NASA Astrophysics Data System}
}

@ARTICLE{Thompson+05,
   author = {{Thompson}, T.~A. and {Quataert}, E. and {Burrows}, A.},
    title = "{Viscosity and Rotation in Core-Collapse Supernovae}",
  journal = {\apj},
     year = 2005,
    month = feb,
   volume = 620,
    pages = {861-877},
      doi = {10.1086/427177},
  adsnote = {Provided by the Smithsonian/NASA Astrophysics Data System}
}

@ARTICLE{RJ02,
    author  = {{Rampp}, M.  and {Janka}, H.-Th. },
    title   = {Radiation hydrodynamics with neutrinos:
               Variable Eddington factor method for core-collapse
               supernova simulations},
    journal = {\aap},
    year    = {2002},
    volume  = {396},
    pages   = {361},
    adsnote = {Provided by the NASA Astrophysics Data System}
}


@ARTICLE{RJ00,
    author = {{Rampp}, M. and {Janka}, H.-T.},
    title = "{Spherically Symmetric Simulation with Boltzmann Neutrino
              Transport of Core Collapse and Postbounce Evolution of a
              15 $M_{solar}$ Star}",
    journal = {\apjl},
    year = 2000,
    month = aug,
    volume = 539,
    pages = {L33-L36},
    adsnote = {Provided by the NASA Astrophysics Data System}
}


@ARTICLE{Mezzacappa+00,
    author = {{Mezzacappa}, A.  and {Liebend\"orfer}, M.  and {Messer}, O. E. B. and
              Hix, W. R. and Thielemann, F.-K. and Bruenn, S. W.},
    title = {The Simulation of a Spherically Symmetric Supernova of a 13\,$M_{\odot}$ 
             Star with Boltzmann Neutrino Transport, and Its Implications for the
             Supernova Mechanism},
    journal = {\prl},
    year    = {2000},
    volume  = {submitted},
    pages   = {},
    adsnote = {Provided by the NASA Astrophysics Data System}
}



@ARTICLE{Keil+95,
    author = {{Keil}, W.  and {Janka}, H.-Th.  and {Raffelt}, G. },
    title = {Reduced neutrino opacities and the SN 1987A signal},
    journal = {\prd},
    year = 1995,
    volume = 51,
    pages = {6635},
    adsnote = {Provided by the NASA Astrophysics Data System}
}

@ARTICLE{Reddy_Prakash97,
    author = {{Reddy}, S.  and {Prakash}, M. },
    title = {Neutrino Scattering in a Newly Born Neutron Star},
    journal = {\apj},
    year = 1997,
    month = mar,
    volume = 478,
    pages = {689},
    adsnote = {Provided by the NASA Astrophysics Data System}
}

@ARTICLE{NHSYM98,
    author = {{Nagataki}, S.  and {Hashimoto}, M.-A.  
          and {Sato}, K.  and {Yamada}, S.  and {Mochizuki}, Y. S.},
    title = {The High Ratio of $^{44}Ti/^{56}Ni$ in Cassiopeia A and 
             the Axisymmetric Collapse-driven Supernova Explosion},
    journal = {\apjl},
    year = 1998,
    month = jan,
    volume = 492,
    pages = {L45},
    adsnote = {Provided by the NASA Astrophysics Data System}
}


@ARTICLE{BDF68,
    author = {{Bodansky}, D. and {Clayton}, D. D. and {Fowler}, W. A.},
    title = {Nuclear Quasi-Equilibrium during Silicon Burning},
    journal = {\apjs},
    year = 1968,
    month = nov,
    volume = 16,
    pages = {299},
    adsnote = {Provided by the NASA Astrophysics Data System}
}


@ARTICLE{WAC73,
    author = {{Woosley}, S. E. and {Arnett}, W. D. and {Clayton}, D. D.},
    title = {The Explosive Burning of Oxygen and Silicon},
    journal = {\apjs},
    year = 1973,
    month = nov,
    volume = 26,
    pages = {231},
    adsnote = {Provided by the NASA Astrophysics Data System}
}




@ARTICLE{Mueller86,
    author = { M{\"u}ller, E.},
    title = {Nuclear-reaction networks and stellar evolution codes - 
             The coupling of composition changes and energy release 
             in explosive nuclear burning},
    journal = {\aap},
    year = 1986,
    month = jul,
    volume = 162,
    pages = {103},
    adsnote = {Provided by the NASA Astrophysics Data System}
}

@ARTICLE{Aufderheide+91,
    author = {{Aufderheide}, M. B. and {Baron}, E. and 
              {Thielemann}, F.-K.},
    title = {Shock waves and nucleosynthesis in type II supernovae},
    journal = {\apj},
    year = 1991,
    month = apr,
    volume = 370,
    pages = {630},
    adsnote = {Provided by the NASA Astrophysics Data System}
}

@ARTICLE{Timmes99,
    author = {{Timmes}, F. X.},
    title = {Integration of Nuclear Reaction Networks for Stellar Hydrodynamics},
    journal = {\apjs},
    year = 1999,
    month = sep,
    volume = 124,
    pages = {241},
    adsnote = {Provided by the NASA Astrophysics Data System}
}


@ARTICLE{timmes+00,
   author = {{Timmes}, F.~X. and {Swesty}, F.~D.},
    title = "{The Accuracy, Consistency, and Speed of an
              Electron-Positron Equation of State Based on
              Table Interpolation of the Helmholtz Free Energy}",
  journal = {\apjs},
     year = 2000,
    month = feb,
   volume = 126,
    pages = {501-16},
  adsnote = {Provided by the NASA Astrophysics Data System}
}

@ARTICLE{CFL,
    author = {{Courant}, R. and Friedrichs, K. O. and Lewy H.},
    title = {{\"U}ber die partiellen Differenzengleichungen der mathematischen Physik},
    journal = {Math. Ann.},
    year = 1928,
    volume = 100,
    pages = {32},
}

@ARTICLE{Roe,
    author  = {{Roe}, P. L.},
    title   = {Characteristic-based schemes for the Euler equations},
    journal = {Ann. Rev. Fluid Mech.},
    year    = 1986,
    volume  = 18,
    pages   = {337},
}

@ARTICLE{Woosley+94,
    author = {{Woosley}, S. E. and {Wilson}, J. R. and {Mathews}, G. J. and 
        {Hoffman}, R. D. and {Meyer}, B. S.},
    title = {The r-process and neutrino-heated supernova ejecta},
    journal = {\apj},
    year = 1994,
    month = sep,
    volume = 433,
    pages = {229},
    adsnote = {Provided by the NASA Astrophysics Data System}
}

@ARTICLE{Witti+94,
    author = {{Witti}, J. and {Janka}, H.-Th. and {Takahashi}, K.},
    title = {Nucleosynthesis in neutrino-driven winds from protoneutron stars I. 
             The {$\alpha$}-process},
    journal = {\aap},
    year = 1994,
    month = jun,
    volume = 286,
    pages = {841},
    adsnote = {Provided by the NASA Astrophysics Data System}
}


@ARTICLE{Takahashi+94,
    author = {{Takahashi}, K. and {Witti}, J. and {Janka}, H.-Th.},
    title = {Nucleosynthesis in neutrino-driven winds from protoneutron stars II. 
             The r-process},
    journal = {\aap},
    year = 1994,
    month = jun,
    volume = 286,
    pages = {857},
    adsnote = {Provided by the NASA Astrophysics Data System}
}




@ARTICLE{Howard+93,
    author = {{Howard}, W. M. and {Goriely}, S. and {Rayet}, M. and {Arnould}, M.
        },
    title = {Neutron-rich alpha -rich Freeze-out and the r-Process in the
             High-Entropy Neutrino-energized Supernova Bubble},
    journal = {\apj},
    year = 1993,
    month = nov,
    volume = 417,
    pages = {713},
    adsnote = {Provided by the NASA Astrophysics Data System}
}

@ARTICLE{Hoffman+96,
    author = {{Hoffman}, R. D. and {Woosley}, S. E. and {Fuller}, G. M. and 
        {Meyer}, B. S.},
    title = {Production of the Light p-Process Nuclei in Neutrino-driven Winds},
    journal = {\apj},
    year = 1996,
    month = mar,
    volume = 460,
    pages = {478},
    adsnote = {Provided by the NASA Astrophysics Data System}
}

@ARTICLE{WZW78,
    author = {{Weaver}, T. A. and {Zimmerman}, G. B. and {Woosley}, S. E.},
    title = {Presupernova evolution of massive stars},
    journal = {\apj},
    year = 1978,
    month = nov,
    volume = 225,
    pages = {1021},
    adsnote = {Provided by the NASA Astrophysics Data System}
}

@ARTICLE{Weiler_Sramek88,
    author = {{Weiler}, K. W. and {Sramek}, R. A.},
    title = {Supernovae and supernova remnants},
    journal = {\araa},
    year = 1988,
    volume = 26,
    pages = {295},
    adsnote = {Provided by the NASA Astrophysics Data System}
}

@ARTICLE{Podsiadlowski92,
    author  = {{Podsiadlowski}, P.},
    title   = {The progenitor of SN 1987 A},
    journal = {\pasp},
    year    = 1992,
    month   = sep,
    volume  = 104,
    pages   = {717},
    adsnote = {Provided by the NASA Astrophysics Data System}
}

@ARTICLE{fryxell+00,
    author = {{Fryxell}, B. and {Olson}, K. and {Ricker}, P. M. and 
              {Timmes}, F. X. and {Zingale}, M. and {Lamb}, D. Q. and 
              {MacNeice}, P.  and {Rosner},  R. and {Truran}, J. W. and  {Tufo}, H.},
    title = {FLASH: An Adaptive Mesh Hydrodynamics Code for
             Modeling Astrophysical Thermonuclear Flashes},
    journal = {\apjs},
    year    = {2000},
    volume  = {131},
    pages   = {273},
    adsnote = {Provided by the NASA Astrophysics Data System}
}

@ARTICLE{Bazan_Arnett98,
    author  = {{Bazan}, G. and {Arnett}, W. D.},
    title   = {Two-dimensional Hydrodynamics of Pre--Core Collapse: Oxygen Shell Burning},
    journal = {\apj},
    year    = 1998,
    month   = mar,
    volume  = 496,
    pages   = {316},
    adsnote = {Provided by the NASA Astrophysics Data System}
}


@ARTICLE{Matheson+00,
    author  = {{Matheson}, T. and {Filippenko}, A. V. and {Chornock}, R. and 
               {Leonard}, D. C. and {Li}, W.},
    title   = {Helium Emission Lines in the Type Ic Supernova 1999CQ},
    journal = {\aj},
    year    = 2000,
    month   = may,
    volume  = 119,
    pages   = {2303},
    adsnote = {Provided by the NASA Astrophysics Data System}
}

 
@ARTICLE{Nakamura+00,
    author  = {{Nakamura}, T. and {Mazzali}, P. A. and {Nomoto}, K. 'I.  and 
               {Iwamoto}, K.},
    title   = {Light curve and spectral models for the hypernova 
               SN 1998bw associated with GRB980425},
    journal = {\apj},
    year    = 2000,
    month   = jun,
    volume  = {submitted},
    pages   = {}
}


@ARTICLE{Whitelock+88,
    author = {{Whitelock}, P.~A. and {Catchpole}, R.~M. and {Menziez}, J.~W. and 
	{Feast}, M.~W. and {Winkler}, H. and {Marang}, F. and {Glass}, I.~S. and 
	{Balona}, L.~A. and {Egan}, J. and {Carter}, B.~S. and {Roberts}, G. and 
	{Sekiguchi}, K. and {Laney}, C.~D. and {Lloyd Evans}, T. and 
	{Laing}, J.~D. and {Spencer Jones}, J. and {Fernley}, J. and 
	{James}, P. and {Fairall}, A.~P. and {Monk}, A.~S. and {van Wyk}, F.
	},
    title = "{Spectroscopic and photometric observations of SN 1987A. IV - 
              Days 260-385}",
    journal = {\mnras},
    year = 1988,
    month = sep,
    volume = 234,
    pages = {5P--18P},
    adsnote = {Provided by the NASA Astrophysics Data System}
}


@ARTICLE{Whitelock+89,
    author = {{Whitelock}, P.~A. and {Catchpole}, R.~M. and {Menzies}, J.~W. and 
	{Feast}, M.~W. and {Woosley}, S.~E. and {Allen}, D. and {van Wyk}, F. and 
	{Marang}, F. and {Laney}, C.~D. and {Winkler}, H. and {Sekiguchi}, K. and 
	{Balona}, L.~A. and {Carter}, B.~S. and {Spencer Jones}, J.~H. and 
	{Laing}, J.~D. and {Evans}, T.~L. and {Fairall}, A.~P. and 
        {Buckley}, D.~A.~H. and 
	{Glass}, I.~S. and {Penston}, M.~V. and {da Costa}, L.~N. and 
	{Bell}, S.~A. and {Hellier}, C. and {Shara}, M. and {Moffat}, A.~F.~J.
	},
    title = "{Spectroscopic and photometric observations of SN1987A. VI - Days 617 to 792}",
    journal = {\mnras},
    year = 1989,
    month = sep,
    volume = 240,
    pages = {7P--24P},
    adsnote = {Provided by the NASA Astrophysics Data System}
}


@ARTICLE{Catchpole+89,
    author = {{Catchpole}, R.~M. and {Whitelock}, P.~A. and {Menzies}, J.~W. and 
	{Feast}, M.~W. and {Marang}, F. and {Sekiguchi}, K. and {van Wyk}, F. and 
	{Roberts}, G. and {Balona}, L.~A. and {Egan}, J.~M. and {Carter}, B.~S. and 
	{Laney}, C.~D. and {Laing}, J.~D. and {Spencer Jones}, J.~H. and 
	{Glass}, I.~S. and {Winkler}, H. and {Fairall}, A.~P. and 
        {Lloyd Evans}, T.~H.~H. and 
	{Cropper}, M.~S. and {Shenton}, M. and {Hill}, P.~W. and {Payne}, P. and 
	{Jones}, K.~N. and {Wargau}, W. and {Mason}, K.~O. and {Jeffery}, C.~S. and 
	{Hellier}, C. and {Parker}, Q.~A. and {Chini}, R. and {James}, P.~A. and 
	{Doyle}, J.~G. and {Butler}, C.~J. and {Bromage}, G.},
    title = "{Spectroscopic and photometric observations of SN1987A. V - 
              Days 386-616}",
    journal = {\mnras},
    year = 1989,
    month = mar,
    volume = 237,
    pages = {55P--68P},
    adsnote = {Provided by the NASA Astrophysics Data System}
}


@ARTICLE{Suntzeff+88,
    author = {{Suntzeff}, N.~B. and {Hamuy}, M. and {Martin}, G. and {Gomez}, A. and 
             {Gonzalez}, R.},
    title = "{SN 1987A in the LMC. II - Optical photometry at Cerro Tololo}",
    journal = {\aj},
    year = 1988,
    month = dec,
    volume = 96,
    pages = {1864--1873},
    adsnote = {Provided by the NASA Astrophysics Data System}
}


@ARTICLE{SB90,
    author = {{Suntzeff}, N.~B. and {Bouchet}, P.},
    title = "{The bolometric light curve of SN 1987A. I - 
              Results from ESO and CTIO U to Q0 photometry}",
    journal = {\aj},
    year = 1990,
    month = feb,
    volume = 99,
    pages = {650--663},
    adsnote = {Provided by the NASA Astrophysics Data System}
}


@ARTICLE{Drake+02,
    author = {{Drake}, R.~P. and {Robey}, H.~F. and
              {Hurricane}, O.~A. and {Zhang}, Y. and 
              {Remington}, B.~A. and {Knauer}, J. and {Glimm}, J. and 
              {Arnett}, D. and {Kane}, J.~O. and {Budil}, K.~S. and
              {Grove}, J.
             },
    title = "{Experiments to Produce a Hydrodynamically Unstable, 
              Spherically Diverging System of Relevance to
              Instabilities in Supernovae}",
    journal = {\apj},
    year = 2002,
    month = jan,
    volume = 564,
    pages = {896-908},
    adsnote = {Provided by the NASA Astrophysics Data System}
}


@ARTICLE{Kane+01,
    author = {{Kane}, J.~O. and {Robey}, H.~F. and
              {Remington}, B.~A. and {Drake}, R.~P. and
              {Knauer}, J. and {Ryutov}, D.~D. and {Louis}, H. and 
              {Teyssier}, R. and {Hurricane}, O. and {Arnett}, D. and 
              {Rosner}, R. and {Calder}, A.},
    title = "{Interface imprinting by a rippled shock using an
              intense laser}",
    journal = {\pre},
    year = 2001,
    month = may,
    volume = 63,
    pages = {55401},
    adsnote = {Provided by the NASA Astrophysics Data System}
}

@ARTICLE{Robey+01,
    author = { {Robey}, H.~F. and {Kane}, J.~O. and
              {Remington}, B.~A. and {Drake}, R.~P. and
              {Hurricane}, O.~A. and  {Louis}, H. and 
              {Wallace},R.~J. and
              {Knauer}, J. and
              {Keiter}, P. and
              {Arnett}, D. and 
              {Ryutov}, D.~D.},
    title = "{An experimental testbed for the study of hydrodynamic
              issues in supernovae}",
    journal = {Physics of Plasmas},
    year   = 2001,
    month  = may,
    volume = 8 ,
    pages  = {2446},
}

@ARTICLE{IPS02,
    author = {{Ivanova}, N. and {Podsiadlowski}, P. and {Spruit}, H.},
    title = "{Hydrodynamical simulations of the stream-core interaction
              in the slow merger of massive stars}",
    journal = {\mnras},
    year = 2002,
    month = aug,
    volume = 334,
    pages = {819-832},
    adsnote = {Provided by the NASA Astrophysics Data System}
}


@ARTICLE{KMC94,
    author = {{Klein}, R.~I. and {McKee}, C.~F. and {Colella}, P.},
    title = "{On the hydrodynamic interaction of shock waves with
              interstellar clouds. 
              1: Nonradiative shocks in small clouds}",
    journal = {\apj},
    year = 1994,
    month = jan,
    volume = 420,
    pages = {213-236},
    adsnote = {Provided by the NASA Astrophysics Data System}
}


@ARTICLE{Klein+03,
    author = {{Klein}, R.~I. and {Budil}, K.~S. and {Perry}, T.~S.
              and {Bach}, D.~R.},
    title = "{The interaction of supernova remnants with interstellar
              clouds: experiments on the nova laser}",
    journal = {\apj},
    year = 2003,
    month = jan,
    volume = 583,
    pages = {245-259},
}

@ARTICLE{LL94,
    author = {{Lyne}, A.~G. and {Lorimer}, D.~R.},
    title = "{High Birth Velocities of Radio Pulsars}",
    journal = {\nat},
    year = 1994,
    month = may,
    volume = 369,
    pages = {127},
    adsnote = {Provided by the NASA Astrophysics Data System}
}


@ARTICLE{Cordes+93,
    author = {{Cordes}, J.~M. and {Romani}, R.~W. and {Lundgren}, S.~C.},
    title = "{The Guitar nebula - A bow shock from a slow-spin, 
              high-velocity neutron star}",
    journal = {\nat},
    year = 1993,
    month = mar,
    volume = 362,
    pages = {133-135},
    adsnote = {Provided by the NASA Astrophysics Data System}
}


@ARTICLE{CC98,
    author = {{Cordes}, J.~M. and {Chernoff}, D.~F.},
    title = "{Neutron Star Population Dynamics. II. 
              Three-dimensional Space Velocities of Young Pulsars}",
    journal = {\apj},
    year = 1998,
    month = sep,
    volume = 505,
    pages = {315-338},
    adsnote = {Provided by the NASA Astrophysics Data System}
}


@ARTICLE{Fryer+98,
    author = {{Fryer}, C. and {Burrows}, A. and {Benz}, W.},
    title = "{Population Syntheses for Neutron Star Systems
              with Intrinsic Kicks}",
    journal = {\apj},
    year = 1998,
    month = mar,
    volume = 496,
    pages = {333},
    adsnote = {Provided by the NASA Astrophysics Data System}
}



@ARTICLE{Fryer99,
   author = {{Fryer}, C.~L.},
    title = "{Mass Limits For Black Hole Formation}",
  journal = {\apj},
     year = 1999,
    month = sep,
   volume = 522,
    pages = {413-418},
      doi = {10.1086/307647},
  adsnote = {Provided by the Smithsonian/NASA Astrophysics Data System}
}


@ARTICLE{Fryer+04,
   author = {{Fryer}, C.~L. and {Warren}, M.~S.},
    title = "{The Collapse of Rotating Massive Stars in
              Three Dimensions}",
  journal = {\apj},
     year = 2004,
    month = jan,
   volume = 601,
    pages = {391-404},
  adsnote = {Provided by the NASA Astrophysics Data System}
}

@ARTICLE{Socrates+05,
   author = {Socrates, A.  and Blaes, O.  and Hungerford, A. and 
             {Fryer}, C.},
    title = "{The Neutrino Bubble Instability: A Mechanism for
              Generating Pulsar Kicks}",
  journal = {\apj},
  volume  = "{submitted, astro-ph/0412144}",
     year = 2005
}


@ARTICLE{Nice+05,
   author = {Nice, D. and Splaver, E.~M. and Stairs, I.~H. and 
             Loehmer, O. and Jessner, A. and Kramer, M. and 
             Cordes, J.~M.},
    title = "{A 2.1 Solar Mass Pulsar Measured by
              Relativistic Orbital Decay}",
  journal = {\apj},
  volume  = "{submitted, astro-ph/0508050}",
     year = 2005
}



@ARTICLE{ACC02,
    author = {{Arzoumanian}, Z. and {Chernoff}, D.~F. and {Cordes}, J.~M.},
    title = "{The Velocity Distribution of Isolated Radio Pulsars}",
    journal = {\apj},
    year = 2002,
    month = mar,
    volume = 568,
    pages = {289-301},
    adsnote = {Provided by the NASA Astrophysics Data System}
}


@ARTICLE{HP97,
    author = {{Hansen}, B.~M.~S. and {Phinney}, E.~S.},
    title = "{The pulsar kick velocity distribution}",
    journal = {\mnras},
    year = 1997,
    month = nov,
    volume = 291,
    pages = {569},
    adsnote = {Provided by the NASA Astrophysics Data System}
}


@ARTICLE{Fishbine02,
    author = {{Fishbine}, B.},
    title = "{Code Validation Experiments - 
              a key to predictive Science}",
    journal = {Los Alamos Research Quarterly},
    year   = 2002,
    volume = 3,
    pages  = {6},
}


@ARTICLE{houck+92,
   author = {{Houck}, J.~C. and {Chevalier}, R.~A.},
    title = "{Linear stability analysis of spherical accretion flows onto compact objects}",
  journal = {\apj},
 keywords = {ACCRETION DISKS, BINARY STARS, FLOW STABILITY, NEUTRON STARS, STELLAR ENVELOPES, BOUNDARY CONDITIONS, MILKY WAY GALAXY, STELLAR OSCILLATIONS, WHITE DWARF STARS},
     year = 1992,
    month = aug,
   volume = 395,
    pages = {592},
      doi = {10.1086/171679},
   adsurl = {http://adsabs.harvard.edu/abs/1992ApJ...395..592H},
  adsnote = {Provided by the SAO/NASA Astrophysics Data System}
}


@ARTICLE{HF96,
    author = {{Houck}, J.~C. and {Fransson}, C.},
    title = "{Analysis of the Late Optical Spectra of SN 1993J}",
    journal = {\apj},
    year = 1996,
    month = jan,
    volume = 456,
    pages = {811},
    adsnote = {Provided by the NASA Astrophysics Data System}
}

@ARTICLE{Hamuy03,
    author = {{Hamuy}, M.},
    title = "{Observed and physical properties of core-collapse supernovae}",
    journal = {\apj},
    year = 2003,
    month = jan,
    volume = 582,
    pages = {905},
}

@ARTICLE{SN92,
    author = {{Stone}, J.~M. and {Norman}, M.~L.},
    title = "{The three-dimensional interaction of a supernova remnant
              with an interstellar cloud}",
    journal = {\apjl},
    year = 1992,
    month = may,
    volume = 390,
    pages = {L17-L19},
    adsnote = {Provided by the NASA Astrophysics Data System}
}


@ARTICLE{TFVDB01,
    author = {{Thorstensen}, J.~R. and {Fesen}, R.~A. and {van den Bergh}, S.
        },
    title = "{The Expansion Center and Dynamical Age of the
              Galactic Supernova Remnant Cassiopeia A}",
    journal = {\aj},
    year = 2001,
    month = jul,
    volume = 122,
    pages = {297-307},
    adsnote = {Provided by the NASA Astrophysics Data System}
}

@ARTICLE{FB91,
    author = {{Fesen}, R.~A. and {Becker}, R.~H.},
    title = "{New clues to the Cassiopeia A supernova progenitor}",
    journal = {\apj},
    year = 1991,
    month = apr,
    volume = 371,
    pages = {621-625},
    adsnote = {Provided by the NASA Astrophysics Data System}
}

@ARTICLE{Sutherland+03,
    author = {{Sutherland}, R.~S. and {Bisset}, D.~K. and 
              {Bicknell}, G.~V.},
    title = "{The Numerical Simulation of Radiative Shocks. I. 
              The Elimination of Numerical Shock Instabilities Using 
              a Local Oscillation Filter}",
    journal = {\apjs},
    year = 2003,
    month = jul,
    volume = 147,
    pages = {187-195},
    adsnote = {Provided by the NASA Astrophysics Data System}
}


@ARTICLE{Lai+01,
    author = {{Lai}, D. and {Chernoff}, D.~F. and {Cordes}, J.~M.},
    title = "{Pulsar Jets: Implications for Neutron Star Kicks
              and Initial Spins}",
    journal = {\apj},
    year = 2001,
    month = mar,
    volume = 549,
    pages = {1111-1118},
    adsnote = {Provided by the NASA Astrophysics Data System}
}

@ARTICLE{Lai+00,
    author = {{Lai}, D. and {Goldreich}, P.},
    title = "{Growth of Perturbations in Gravitational 
              Collapse and Accretion}",
    journal = {\apj},
    year = 2000,
    month = may,
    volume = 535,
    pages = {402-411},
    adsnote = {Provided by the NASA Astrophysics Data System}
}


@ARTICLE{Cen98,
    author = {{Cen}, R.},
    title = "{Supernovae, Pulsars, and Gamma-Ray Bursts: 
              A Unified Picture}",
    journal = {\apjl},
    year = 1998,
    month = nov,
    volume = 507,
    pages = {L131-L134},
    adsnote = {Provided by the NASA Astrophysics Data System}
}


@ARTICLE{Jeffery91,
   author = {{Jeffery}, D.~J.},
   title = "{Catalog of SN 1987A polarimetry corrected
             for interstellar polarization}",
   journal = {\apjs},
   year = 1991,
   month = nov,
   volume = 77,
   pages = {405-415},
   adsnote = {Provided by the NASA Astrophysics Data System}
}

@ARTICLE{Hoeflich91,
   author = {{H{\"o}flich}, P.},
    title = "{Asphericity Effects in Scattering
              Dominated Photospheres}",
  journal = {\aap},
     year = 1991,
    month = jun,
   volume = 246,
    pages = {481},
  adsnote = {Provided by the NASA Astrophysics Data System}
}

@ARTICLE{Cropper+88,
   author = {{Cropper}, M. and {Bailey}, J. and
             {McCowage}, J. and {Cannon}, R.~D. and 
             {Couch}, W.~J.},
    title = "{Spectropolarimetry of SN 1987A - 
              Observations up to 1987 July 8}",
  journal = {\mnras},
     year = 1988,
    month = apr,
   volume = 231,
    pages = {695-722},
  adsnote = {Provided by the NASA Astrophysics Data System}
}

@ARTICLE{Mendez+88,
   author = {{Mendez}, M. and {Clocchiatti}, A. and 
             {Benvenuto}, O.~G. and 
             {Feinstein}, C. and {Marraco}, H.~G.},
    title = "{SN 1987A - A linear polarimetric study}",
  journal = {\apj},
     year = 1988,
    month = nov,
   volume = 334,
    pages = {295-307},
  adsnote = {Provided by the NASA Astrophysics Data System}
}

@ARTICLE{Hoffman+99,
   author = {{Hoffman}, R.~D. and {Woosley}, S.~E. and 
             {Weaver}, T.~A. and  {Rauscher}, T. and
             {Thielemann}, F.-K.},
    title = "{The Reaction Rate Sensitivity of Nucleosynthesis in Type II Supernovae}",
  journal = {\apj},
     year = 1999,
    month = aug,
   volume = 521,
    pages = {735-752},
  adsnote = {Provided by the NASA Astrophysics Data System}
}

@ARTICLE{brouillette02,
 author   = "{Brouillettee}, M.",
    title = "{The Richtmyer-Meshkov instability}",
  journal = {Annu. Rev. Fluid Mech.},
     year = 2002,
   volume = 32,
    pages = {445-68}
}

@ARTICLE{calzavara+04,
 author   = "{Calzavara}, A. J. and {Matzner}, C. C.",
    title = "{Supernova properties from shock breakout x-rays}",
  journal = {MNRAS},
     year = 2004,
   volume = 351,
    pages = {694-706}
}

@ARTICLE{chevalier+92,
 author   = "{Chevalier}, R. A. and {Blondin}, J. M. and {Emmering}, R. T.",
    title = "{Hydrodynamics instabilities in supernova remnants: self-similar driven waves}",
  journal = {\apj},
     year = 1992,
   volume = 392,
    pages = {118-30}
}

@ARTICLE{couch+09,
 author   = "{Couch}, S. M. and {Wheeler}, J. C. and {Milosavljevi\'c}, M.",
    title = "{Aspherical core-collapse supernovae in red supergiants powered by nonrelativistic jets}",
  journal = {\apj},
     year = 2009,
   volume = 696,
    pages = {953-70}
}

@ARTICLE{foglizzo09,
   author = {{Foglizzo}, T.},
    title = "{A Simple Toy Model of the Advective-Acoustic Instability. I. Perturbative Approach}",
  journal = {\apj},
archivePrefix = "arXiv",
   eprint = {0809.2302},
 keywords = {accretion, accretion disks, hydrodynamics, instabilities, shock waves, supernovae: general, waves },
     year = 2009,
    month = apr,
   volume = 694,
    pages = {820},
      doi = {10.1088/0004-637X/694/2/820},
   adsurl = {http://adsabs.harvard.edu/abs/2009ApJ...694..820F},
  adsnote = {Provided by the SAO/NASA Astrophysics Data System}
}

@ARTICLE{godunov59,
 author   = "{Godunov}, S. K.",
    title = "{A difference method for numerical calculation of discontinuous solutions of the equations of hydrodynamics}",
  journal = {Mat. Sb.},
     year = 1959,
   volume = 47,
    pages = {271-306}
}

@ARTICLE{khokhlov95,
   author = {{Khokhlov}, A.~M.},
    title = "{Propagation of Turbulent Flames in Supernovae}",
  journal = {\apj},
 keywords = {NUCLEAR REACTIONS, NUCLEOSYNTHESIS, ABUNDANCES, STARS: INTERIORS, STARS: SUPERNOVAE: GENERAL, TURBULENCE},
     year = 1995,
    month = aug,
   volume = 449,
    pages = {695-713},
      doi = {10.1086/176091},
   adsurl = {http://adsabs.harvard.edu/abs/1995ApJ...449..695K},
  adsnote = {Provided by the SAO/NASA Astrophysics Data System}
}

@BOOK{lamb32,
   author = {{Lamb}, H.},
    title = "{Hydrodynamics}",
booktitle = {Hydrodynamics, New York: Dover, 1932},
     year = 1932,
publisher = {Dover},
  address = {New York},
   adsurl = {http://adsabs.harvard.edu/abs/1932hydr.book.....L},
  adsnote = {Provided by the SAO/NASA Astrophysics Data System}
}

@ARTICLE{laming07,
   author = {{Laming}, J.~M.},
    title = "{Analytic Approach to the Stability of Standing Accretion Shocks: Application to Core-Collapse Supernovae}",
  journal = {\apj},
   eprint = {arXiv:astro-ph/0701264},
 keywords = {Hydrodynamics, Instabilities, Shock Waves, Stars: Supernovae: General},
     year = 2007,
    month = apr,
   volume = 659,
    pages = {1449},
      doi = {10.1086/512534},
   adsurl = {http://adsabs.harvard.edu/abs/2007ApJ...659.1449L},
  adsnote = {Provided by the SAO/NASA Astrophysics Data System}
}

@ARTICLE{meshkov69,
 author   = "Meshkov, E. E.",
    title = "{Instability of the interface of two gases	accelerated by a shock wave}",
  journal = {Fluid. Dyn.},
     year = 1969,
   volume = 4,
    pages = {151-7}
}

@ARTICLE{mueller+86,
   author = {{M{\"u}ller}, E. and {Arnett}, W.~D.},
    title = "{Carbon combustion supernovae - Numerical studies of the final evolution of degenerate carbon-oxygen cores}",
  journal = {\apj},
 keywords = {CARBON STARS, NUCLEAR FUSION, STELLAR CORES, STELLAR EVOLUTION, SUPERNOVAE, DETONATION WAVES, FLAME PROPAGATION, STELLAR MODELS, TAYLOR INSTABILITY},
     year = 1986,
    month = aug,
   volume = 307,
    pages = {619-643},
      doi = {10.1086/164448},
   adsurl = {http://adsabs.harvard.edu/abs/1986ApJ...307..619M},
  adsnote = {Provided by the SAO/NASA Astrophysics Data System}
}

@ARTICLE{nomoto+76,
   author = {{Nomoto}, K. and {Sugimoto}, D. and {Neo}, S.},
    title = "{Carbon deflagration supernova, an alternative to carbon detonation}",
  journal = {\apss},
 keywords = {CARBON, NUCLEAR FUSION, STELLAR EVOLUTION, SUPERNOVAE, WAVE PROPAGATION, CONVECTIVE HEAT TRANSFER, STELLAR MODELS, THERMAL INSTABILITY},
     year = 1976,
    month = feb,
   volume = 39,
    pages = {L37-L42},
      doi = {10.1007/BF00648354},
   adsurl = {http://adsabs.harvard.edu/abs/1976Ap%26SS..39L..37N},
  adsnote = {Provided by the SAO/NASA Astrophysics Data System}
}

@ARTICLE{richtmyer60,
 author    = "Richtmyer, R. D.",
    title = "{Taylor instability in shock acceleration of compressible fluids}",
  journal = {Commun. Pure Appl. Math.},
     year = 1960,
   volume = 13,
    pages = {297-319}
}

@ARTICLE{sharp84,
   author = {{Sharp}, D. H.},
    title = "{An overview of Rayleigh-Taylor instability}",
  journal = {Physica D},
 keywords = {},
     year = 1984,
    month = jul,
   volume = 42,
    pages = {3-18},
      doi = {DOI: 10.1016/0167-2789(84)90510-4},
     url  = {"http://www.sciencedirect.com/science/article/B6TVK-46M72XV-4/2/3ea354de330ccd176211793b43300799"},
  adsnote = {}
}

@ARTICLE{steffen90,
   author = {{Steffen}, M.},
    title = "{A Simple Method for Monotonic Interpolation in One Dimension}",
  journal = {\aap},
     year = 1990,
    month = nov,
   volume = 239,
    pages = {443},
   adsurl = {http://adsabs.harvard.edu/abs/1990A%26A...239..443S},
  adsnote = {Provided by the SAO/NASA Astrophysics Data System}
}

@Article{sadot+05,
  author = {Sadot, O. and Smalyuk, V. A. and Delettrez, J. A. and Meyerhofer, D. D. and Sangster, T. C. and Betti, R.  and Goncharov, V. N. and Shvarts, D. },
  title = {Observation of Self-Similar Behavior of the 3D, Nonlinear Rayleigh-Taylor Instability},
  journal = {Phys. Rev. Lett.},
  volume = {95},
  number = {26},
  pages = {265001-4},
  numpages = {4},
  year = {2005},
  month = {Dec},
  doi = {10.1103/PhysRevLett.95.265001},
  publisher = {American Physical Society}
}

@ARTICLE{sohn+05,
   author = {{Sohn}, S.-I. and {Hwang}, W.},
    title = "{Numerical simulations of vortex sheet evolution in stratified shear flow}",
  journal = {\JPSJ},
 keywords = {Kelvin\u2013Helmholtz instability, vortex sheet, vortex method, shear flow},
     year = 2005,
    month = may,
   volume = 74,
    pages = {1472-8},
      doi = {10.1086/165908},
      url = {http://jpsj.ipap.jp/cgi-bin/getarticle?journal=JPSJ&volume=74&page=1472},
  adsnote = {}
}

@ARTICLE{strang68,
   author = {{Strang}, G.},
    title = "{On the Construction and Comparison of Difference Schemes}",
  journal = {SIAM J. Numer. Anal.},
 keywords = {large eddy simulation, compressible flow},
     year = 1968,
    month = sep,
   volume = 5,
   number = 3,
    pages = {506-17},
      doi = {http://dx.doi.org/10.1137/0705041},
     url  = {"http://link.aip.org/link/?SNA/5/506/1"},
  adsnote = {}
}

@ARTICLE{wang+02,
   author = {{Wang}, L. and {Wheeler}, J.~C. and {H{\"o}flich}, P. and {Khokhlov}, A. and 
	{Baade}, D. and {Branch}, D. and {Challis}, P. and {Filippenko}, A.~V. and 
	{Fransson}, C. and {Garnavich}, P. and {Kirshner}, R.~P. and 
	{Lundqvist}, P. and {McCray}, R. and {Panagia}, N. and {Pun}, C.~S.~J. and 
	{Phillips}, M.~M. and {Sonneborn}, G. and {Suntzeff}, N.~B.},
    title = "{The Axisymmetric Ejecta of Supernova 1987A}",
  journal = {\apj},
   eprint = {arXiv:astro-ph/0205337},
 keywords = {ISM: Supernova Remnants, Stars: Supernovae: Individual: Alphanumeric: SN 1987A},
     year = 2002,
    month = nov,
   volume = 579,
    pages = {671-677},
      doi = {10.1086/342824},
   adsurl = {http://adsabs.harvard.edu/abs/2002ApJ...579..671W},
  adsnote = {Provided by the SAO/NASA Astrophysics Data System}
}

@ARTICLE{Wang+03,
    author = {{Wang}, L. and {Baade}, D. and {H{\" o}flich}, P. and {Wheeler}, J.~C.},
    title = "{Spectropolarimetry of the Type Ic Supernova SN 2002ap in M74:
              More Evidence for Asymmetric Core Collapse}",
    journal = {\apj},
    year = 2003,
    month = jul,
    volume = 592,
    pages = {457-466},
    adsnote = {Provided by the NASA Astrophysics Data System}
}


@ARTICLE{wang+08,
   author = {{Wang}, L. and {Wheeler}, J.~C.},
    title = "{Spectropolarimetry of Supernovae}",
  journal = {\araa},
archivePrefix = "arXiv",
   eprint = {0811.1054},
     year = 2008,
    month = sep,
   volume = 46,
    pages = {433-474},
      doi = {10.1146/annurev.astro.46.060407.145139},
   adsurl = {http://adsabs.harvard.edu/abs/2008ARA%26A..46..433W},
  adsnote = {Provided by the SAO/NASA Astrophysics Data System}
}



@ARTICLE{woosley+88,
   author = {{Woosley}, S.~E. and {Pinto}, P.~A. and {Ensman}, L.},
    title = "{Supernova 1987A - Six weeks later}",
  journal = {\apj},
 keywords = {BLUE STARS, STELLAR EVOLUTION, STELLAR LUMINOSITY, SUPERGIANT STARS, SUPERNOVA 1987A, TEMPORAL DISTRIBUTION, LIGHT CURVE, LINE SPECTRA, STELLAR MASS, STELLAR SPECTROPHOTOMETRY},
     year = 1988,
    month = jan,
   volume = 324,
    pages = {466-89},
      doi = {10.1086/165908},
   adsurl = {http://adsabs.harvard.edu/abs/1988ApJ...324..466W},
  adsnote = {Provided by the SAO/NASA Astrophysics Data System}
}

@ARTICLE{youngs84,
   author = {{Youngs}, D. L.},
    title = "{Numerical simulation of turbulent mixing by Rayleigh-Taylor instability}",
  journal = {Physica D},
 keywords = {},
     year = 1984,
    month = jul,
   volume = 42,
    pages = {32-44},
      doi = {DOI: 10.1016/0167-2789(84)90512-8},
     url  = {"http://www.sciencedirect.com/science/article/B6TVK-46M72XV-6/2/3f43e8860d1777f1cc7109e5e3ce2462"},
  adsnote = {}
}

@ARTICLE{youngs+08,
   author = {{Youngs}, D. L. and {Williams}, R. J. R.},
    title = "{Turbulent mixing in spherical implosions}",
  journal = {Int. J. Num. Meth. Fluids},
 keywords = {large eddy simulation, compressible flow},
     year = 2008,
    month = mar,
   volume = 56,
    pages = {1597-603},
      doi = {http://dx.doi.org/10.1002/fld.1594},
     url  = {"http://www3.interscience.wiley.com/journal/116324567/abstract"},
  adsnote = {}
}

@ARTICLE{hungerford+03,
   author = {{Hungerford}, A.~L. and {Fryer}, C.~L. and {Warren}, M.~S.},
    title = "{Gamma-Ray Lines from Asymmetric Supernovae}",
  journal = {\apj},
   eprint = {arXiv:astro-ph/0301120},
 keywords = {Black Hole Physics, Gamma Rays: Theory, Stars: Neutron, Stars: Supernovae: General},
     year = 2003,
    month = sep,
   volume = 594,
    pages = {390-403},
      doi = {10.1086/376776},
   adsurl = {http://adsabs.harvard.edu/abs/2003ApJ...594..390H},
  adsnote = {Provided by the SAO/NASA Astrophysics Data System}
}

@ARTICLE{hungerford+05,
   author = {{Hungerford}, A.~L. and {Fryer}, C.~L. and {Rockefeller}, G.
	},
    title = "{Gamma Rays from Single-Lobe Supernova Explosions}",
  journal = {\apj},
   eprint = {arXiv:astro-ph/0507651},
 keywords = {Gamma Rays: Theory, Stars: Neutron, Stars: Supernovae: General},
     year = 2005,
    month = dec,
   volume = 635,
    pages = {487-501},
      doi = {10.1086/497323},
   adsurl = {http://adsabs.harvard.edu/abs/2005ApJ...635..487H},
  adsnote = {Provided by the SAO/NASA Astrophysics Data System}
}

@ARTICLE{joggerst+09,
   author = {{Joggerst}, C.~C. and {Woosley}, S.~E. and {Heger}, A.},
    title = "{Mixing in Zero- and Solar-Metallicity Supernovae}",
  journal = {\apj},
archivePrefix = "arXiv",
   eprint = {0810.5142},
 keywords = {early universe, hydrodynamics, instabilities, nuclear reactions, nucleosynthesis, abundances, supernovae: general },
     year = 2009,
    month = mar,
   volume = 693,
    pages = {1780-1802},
      doi = {10.1088/0004-637X/693/2/1780},
   adsurl = {http://adsabs.harvard.edu/abs/2009ApJ...693.1780J},
  adsnote = {Provided by the SAO/NASA Astrophysics Data System}
}

@ARTICLE{nymark+06,
   author = {{Nymark}, T.~K. and {Fransson}, C. and {Kozma}, C.},
    title = "{X-ray emission from radiative shocks in type II supernovae}",
  journal = {\aap},
   eprint = {arXiv:astro-ph/0510792},
 keywords = {stars: supernovae: general, stars: circumstellar matter, X-rays: supernovae, hydrodynamics, shock waves, atomic processes},
     year = 2006,
    month = apr,
   volume = 449,
    pages = {171-192},
      doi = {10.1051/0004-6361:20054169},
   adsurl = {http://adsabs.harvard.edu/abs/2006A%26A...449..171N},
  adsnote = {Provided by the SAO/NASA Astrophysics Data System}
}

@ARTICLE{abarzhi+03,
   author = {{Abarzhi}, S.~I. and {Nishihara}, K. and {Glimm}, J.},
    title = "{Rayleigh-Taylor and Richtmyer-Meshkov instabilities for fluids with a finite density ratio}",
  journal = {Physics Letters A},
 keywords = {Rayleigh-Taylor, Richtmyer-Meshkov, Non-linear dynamics, Coherent structures, Non-local, Singularities},
     year = 2003,
    month = oct,
   volume = 317,
    pages = {470-476},
      doi = {10.1016/S0375-9601(03)01355-0},
   adsurl = {http://adsabs.harvard.edu/abs/2003PhLA..317..470A},
  adsnote = {Provided by the SAO/NASA Astrophysics Data System}
}

@ARTICLE{langanke+08,
   author = {{Langanke}, K. and {Mart{\'{\i}}nez-Pinedo}, G. and {M{\"u}ller}, B. and 
	{Janka}, H.-T. and {Marek}, A. and {Hix}, W.~R. and {Juodagalvis}, A. and 
	{Sampaio}, J.~M.},
    title = "{Effects of Inelastic Neutrino-Nucleus Scattering on Supernova Dynamics and Radiated Neutrino Spectra}",
  journal = {Physical Review Letters},
archivePrefix = "arXiv",
   eprint = {0706.1687},
 keywords = {Supernovae, Neutrino scattering, Nuclear physics aspects of novae, supernovae, and other explosive environments, Neutrino, muon, pion, and other elementary particle detectors; cosmic ray detectors},
     year = 2008,
    month = jan,
   volume = 100,
   number = 1,
    pages = {011101},
      doi = {10.1103/PhysRevLett.100.011101},
   adsurl = {http://adsabs.harvard.edu/abs/2008PhRvL.100a1101L},
  adsnote = {Provided by the SAO/NASA Astrophysics Data System}
}

@article{janka+07,
	author = {H.-Th. Janka and K. Langanke and A. Marek and G. Mart{\'{\i}}nez-Pinedo and B. M\"uller},
	title = "Theory of core-collapse supernovae",
	journal = "Physics Reports",
	volume = "442",
	number = "1-6",
	pages = "38 - 74",
	year = "2007",
	issn = "0370-1573",
	doi = "DOI: 10.1016/j.physrep.2007.02.002",
	url = "http://www.sciencedirect.com/science/article/pii/S0370157307000439",
}

@ARTICLE{ryutov+99,
   author = {{Ryutov}, D. and {Drake}, R.~P. and {Kane}, J. and {Liang}, E. and 
	{Remington}, B.~A. and {Wood-Vasey}, W.~M.},
    title = "{Similarity Criteria for the Laboratory Simulation of Supernova Hydrodynamics}",
  journal = {\apj},
 keywords = {HYDRODYNAMICS, INSTABILITIES, SHOCK WAVES, ISM: SUPERNOVA REMNANTS, STARS: SUPERNOVAE: GENERAL, SUPERNOVAE: INDIVIDUAL (SN 1987A)},
     year = 1999,
    month = jun,
   volume = 518,
    pages = {821},
      doi = {10.1086/307293},
   adsurl = {http://adsabs.harvard.edu/abs/1999ApJ...518..821R},
  adsnote = {Provided by the SAO/NASA Astrophysics Data System}
}

@ARTICLE{ohnishi+08,
 author = {{Ohnishi}, N. and {Iwakami}, W. and {Kotake}, K. and {Yamada}, S. and       {Fujioka}, S. and {Takabe}, H.},
  title = "{Standing accretion shock instability: numerical simulations of core-collapse supernova}",
 journal = {Journal of Physics Conference Series},
   year = 2008,
  month = may,
 volume = 112,
 number = 4,
  pages = {042018},
    doi = {10.1088/1742-6596/112/4/042018},
 adsurl = {http://adsabs.harvard.edu/abs/2008JPhCS.112d2018O},
 adsnote = {Provided by the SAO/NASA Astrophysics Data System}
}

@article{shampine+97,
 author = {Shampine, Lawrence F. and Reichelt, Mark W.},
 title = {The MATLAB ODE Suite
},
 journal = {SIAM J. Sci. Comput.},
 volume = {18},
 issue = {1},
 month = {January},
 year = {1997},
 issn = {1064-8275},
 pages = {1},
 numpages = {22},
 url = {http://portal.acm.org/citation.cfm?id=250883.250884},
 doi = {10.1137/S1064827594276424},
 acmid = {250884},
 publisher = {Society for Industrial and Applied Mathematics},
 address = {Philadelphia, PA, USA},
 keywords = {Adams method, BDF, Gear method, Rosenbrock method, Runge--Kutta method, nonstiff systems, ordinary differential equations, software, stiff systems},
} 

@article{mckay+79,
     jstor_articletype = {research-article},
     title = {A Comparison of Three Methods for Selecting Values of Input Variables in the Analysis of Output from a Computer Code},
     author = {McKay, M. D. and Beckman, R. J. and Conover, W. J.},
     journal = {Technometrics},
     jstor_issuetitle = {},
     volume = {21},
     number = {2},
     jstor_formatteddate = {May, 1979},
     pages = {239},
     url = {http://www.jstor.org/stable/1268522},
     ISSN = {00401706},
     abstract = {Two types of sampling plans are examined as alternatives to simple random sampling in Monte Carlo studies. These plans are shown to be improvements over simple random sampling with respect to variance for a class of estimators which includes the sample mean and the empirical distribution function.},
     language = {English},
     year = {1979},
     publisher = {American Statistical Association and American Society for Quality},
     copyright = {Copyright � 1979 American Statistical Association and American Society for Quality},
}




@article{iman+81,
     title = {An approach to sensitivity analysis of computer models. I - Introduction, input, variable selection and preliminary variable assessment},
     author = {Iman, R.L. and Helton, J.C. and Campbell, J.E.},
     journal = {Quality Technology},
     volume = {13},
     number = {3},
     pages = {174},
     ISSN = {00224065},
     language = {English},
     year = {1981},
}


@ARTICLE{hurlburt+86,
   author = {{Hurlburt}, N.~E. and {Toomre}, J. and {Massaguer}, J.~M.},
    title = "{Nonlinear compressible convection penetrating into stable layers and producing internal gravity waves}",
  journal = {\apj},
 keywords = {BOUNDARY LAYER STABILITY, COMPRESSIBLE FLOW, CONVECTION, GRAVITY WAVES, INTERNAL WAVES, STELLAR ENVELOPES, ASTRONOMICAL MODELS, BOUNDARY VALUE PROBLEMS, MAGNETOHYDRODYNAMIC FLOW, NONLINEARITY, STELLAR INTERIORS, TIME DEPENDENCE},
     year = 1986,
    month = dec,
   volume = 311,
    pages = {563-577},
      doi = {10.1086/164796},
   adsurl = {http://adsabs.harvard.edu/abs/1986ApJ...311..563H},
  adsnote = {Provided by the SAO/NASA Astrophysics Data System}
}

@phdthesis{mocak+phd,
 author = "Mocak, M.",
 school = "Munich Technical University",
 title  = "Multidimensional hydrodynamic simulations of the core helium flash in low-mass stars",
 type   = "PhD thesis",
 year   = "2009"
}

@ARTICLE{meakin+07,
   author = {{Meakin}, C.~A. and {Arnett}, D.},
    title = "{Turbulent Convection in Stellar Interiors. I. Hydrodynamic Simulation}",
  journal = {\apj},
   eprint = {arXiv:astro-ph/0611315},
 keywords = {Hydrodynamics, Instabilities, Nuclear Reactions, Nucleosynthesis, Abundances, Stars: Evolution, Stars: General, Stars: Interiors, Stars: Supernovae: General, Turbulence, Waves},
     year = 2007,
    month = sep,
   volume = 667,
    pages = {448-475},
      doi = {10.1086/520318},
   adsurl = {http://adsabs.harvard.edu/abs/2007ApJ...667..448M},
  adsnote = {Provided by the SAO/NASA Astrophysics Data System}
}

@ARTICLE{houck+91,
   author = {{Houck}, J.~C. and {Chevalier}, R.~A.},
    title = "{Steady spherical hypercritical accretion onto neutron stars}",
  journal = {\apj},
 keywords = {MASS TRANSFER, NEUTRON STARS, STELLAR ENVELOPES, STELLAR MASS ACCRETION, SUPERNOVAE, IONIZATION, MASS FLOW, PAIR PRODUCTION, RELATIVISTIC EFFECTS, STEADY STATE},
     year = 1991,
    month = jul,
   volume = 376,
    pages = {234-244},
      doi = {10.1086/170272},
   adsurl = {http://adsabs.harvard.edu/abs/1991ApJ...376..234H},
  adsnote = {Provided by the SAO/NASA Astrophysics Data System}
}

@ARTICLE{guderley+42,
   author = {Guderley,~G.},
    title = "{Powerful spherical and cylindrical compression shocks in the neighborhood of the center of the sphere and of the cylinder axis}",
  journal = {Luftfahrtforschung},
     year = 1942,
   volume = 19,
    pages = {302-312}
}


@ARTICLE{marek+09,
   author = {{Marek}, A. and {Janka}, H.-T.},
    title = "{Delayed Neutrino-Driven Supernova Explosions Aided by the Standing Accretion-Shock Instability}",
  journal = {\apj},
archivePrefix = "arXiv",
   eprint = {0708.3372},
 keywords = {hydrodynamics, neutrinos, supernovae: general},
     year = 2009,
    month = mar,
   volume = 694,
    pages = {664},
      doi = {10.1088/0004-637X/694/1/664},
   adsurl = {http://adsabs.harvard.edu/abs/2009ApJ...694..664M},
  adsnote = {Provided by the SAO/NASA Astrophysics Data System}
}

@ARTICLE{lombscargle,
   author = {{Press}, W.~H. and {Rybicki}, G.~B.},
    title = "{Fast algorithm for spectral analysis of unevenly sampled data}",
  journal = {\apj},
 keywords = {ALGORITHMS, DATA SAMPLING, FAST FOURIER TRANSFORMATIONS, SPECTRUM ANALYSIS, COMPUTER PROGRAMS, FORTRAN},
     year = 1989,
    month = mar,
   volume = 338,
    pages = {277},
      doi = {10.1086/167197},
   adsurl = {http://adsabs.harvard.edu/abs/1989ApJ...338..277P},
  adsnote = {Provided by the SAO/NASA Astrophysics Data System}
  }

@ARTICLE{gawryszczak+10,
   author = {{Gawryszczak}, A. and {Guzman}, J. and {Plewa}, T. and {Kifonidis}, K.
	},
    title = "{Non-spherical core collapse supernovae. III. Evolution towards homology and dependence on the numerical resolution}",
  journal = {\aap},
archivePrefix = "arXiv",
   eprint = {1007.0463},
 primaryClass = "astro-ph.SR",
 keywords = {hydrodynamics, instabilities, shock waves, supernovae: general},
     year = 2010,
    month = oct,
   volume = 521,
      eid = {A38},
    pages = {A38},
      doi = {10.1051/0004-6361/200913431},
   adsurl = {http://adsabs.harvard.edu/abs/2010A%26A...521A..38G},
  adsnote = {Provided by the SAO/NASA Astrophysics Data System}
}

@ARTICLE{wang+01,
   author = {{Wang}, L. and {Howell}, D.~A. and {H{\"o}flich}, P. and {Wheeler}, J.~C.
   },
    title = "{Bipolar Supernova Explosions}",
  journal = {\apj},
 keywords = {Stars: Supernovae: Individual: Alphanumeric: SN 1987A, Stars: Supernovae: Individual: Alphanumeric: SN 1993J, Stars: Supernovae: Individual: Alphanumeric: SN 1996cb, Stars: Supernovae: Individual: Alphanumeric: SN 1997X, Stars: Supernovae: Individual: Alphanumeric: SN 1998S, Techniques: Polarimetric},
     year = 2001,
    month = apr,
   volume = 550,
    pages = {1030},
      doi = {10.1086/319822},
   adsurl = {http://adsabs.harvard.edu/abs/2001ApJ...550.1030W},
  adsnote = {Provided by the SAO/NASA Astrophysics Data System}
}

@ARTICLE{heger+03,
   author = {{Heger}, A. and {Fryer}, C.~L. and {Woosley}, S.~E. and {Langer}, N. and 
   {Hartmann}, D.~H.},
    title = "{How Massive Single Stars End Their Life}",
  journal = {\apj},
   eprint = {arXiv:astro-ph/0212469},
 keywords = {Black Hole Physics, Gamma Rays: Bursts, Stars: Early-Type, Stars: Neutron, Stars: Supernovae: General},
     year = 2003,
    month = jul,
   volume = 591,
    pages = {288},
      doi = {10.1086/375341},
   adsurl = {http://adsabs.harvard.edu/abs/2003ApJ...591..288H},
  adsnote = {Provided by the SAO/NASA Astrophysics Data System}
}

@ARTICLE{wtw+86,
    author = {{Woosley}, S. E. and {Taam}, R. E. and {Weaver}, T. A.},
    title = {Models for Type I supernova. I - Detonations in white dwarfs},
    journal = {\apj},
    year = 1986,
    month = feb,
    volume = 301,
    pages = {601},
    adsnote = {Provided by the NASA Astrophysics Data System}
}

@ARTICLE{woosley+86,
   author = {{Woosley}, S.~E. and {Weaver}, T.~A.},
    title = "{The physics of supernova explosions}",
  journal = {\araa},
 keywords = {EXPLOSIONS, STELLAR MODELS, SUPERNOVAE, GRAVITATIONAL COLLAPSE, LIGHT CURVE, NUCLEAR FUSION, STELLAR COMPOSITION, STELLAR EVOLUTION, STELLAR MASS ACCRETION, STELLAR ROTATION, STELLAR STRUCTURE, WHITE DWARF STARS},
     year = 1986,
   volume = 24,
    pages = {205},
      doi = {10.1146/annurev.aa.24.090186.001225},
   adsurl = {http://adsabs.harvard.edu/abs/1986ARA%26A..24..205W},
  adsnote = {Provided by the SAO/NASA Astrophysics Data System}
}

@ARTICLE{colgate+69,
   author = {{Colgate}, S.~A. and {McKee}, C.},
    title = "{Early Supernova Luminosity}",
  journal = {\apj},
     year = 1969,
    month = aug,
   volume = 157,
    pages = {623},
      doi = {10.1086/150102},
   adsurl = {http://adsabs.harvard.edu/abs/1969ApJ...157..623C},
  adsnote = {Provided by the SAO/NASA Astrophysics Data System}
}

@ARTICLE{colgate+66,
   author = {{Colgate}, S.~A. and {White}, R.~H.},
    title = "{The Hydrodynamic Behavior of Supernovae Explosions}",
  journal = {\apj},
     year = 1966,
    month = mar,
   volume = 143,
    pages = {626},
      doi = {10.1086/148549},
   adsurl = {http://adsabs.harvard.edu/abs/1966ApJ...143..626C},
  adsnote = {Provided by the SAO/NASA Astrophysics Data System}
}

@ARTICLE{fowler+64,
   author = {{Fowler}, W.~A. and {Hoyle}, F.},
    title = "{Neutrino Processes and Pair Formation in Massive Stars and Supernovae.}",
  journal = {\apjs},
     year = 1964,
    month = dec,
   volume = 9,
    pages = {201},
      doi = {10.1086/190103},
   adsurl = {http://adsabs.harvard.edu/abs/1964ApJS....9..201F},
  adsnote = {Provided by the SAO/NASA Astrophysics Data System}
}

@ARTICLE{hoyle+60,
   author = {{Hoyle}, F. and {Fowler}, W.~A.},
    title = "{Nucleosynthesis in Supernovae.}",
  journal = {\apj},
     year = 1960,
    month = nov,
   volume = 132,
    pages = {565},
      doi = {10.1086/146963},
   adsurl = {http://adsabs.harvard.edu/abs/1960ApJ...132..565H},
  adsnote = {Provided by the SAO/NASA Astrophysics Data System}
}


@article{stein+87,
	  title = {Large Sample Properties of Simulations Using Latin Hypercube Sampling},
	 author = {{Stein}, M.},
	journal = {Technometrics},
	 volume = {29},
	 number = {2},
	  pages = {143},
	    url = {http://www.jstor.org/stable/1269769},
	   ISSN = {00401706},
	   year = {1987}
}

@article{helton+03,
	  title = "Latin hypercube sampling and the propagation of uncertainty in analyses of complex systems",
	 author = {{Helton}, J.~C. and {Davis}, F.~J.},
	journal = "Reliability Engineering and System Safety",
	 volume = "81",
	 number = "1",
	  pages = "23",
	   year = "2003",
	   issn = "0951-8320",
	    doi = "10.1016/S0951-8320(03)00058-9",
	    url = "http://www.sciencedirect.com/science/article/pii/S0951832003000589"
}


@ARTICLE{hansen+11,
   author = {{Hansen}, J.~F. and {Dittrich}, T.~R. and {Elliott}, J.~B. and 
	{Glendinning}, S.~G. and {Cotrell}, D.~L.},
    title = "{A high-energy-density, high-Mach number single jet experiment}",
  journal = {Physics of Plasmas},
 keywords = {Mach number, numerical analysis, plasma density, plasma diagnostics, plasma jets, plasma shock waves, plasma simulation, Emission, absorption, and scattering of electromagnetic radiation, Shock waves and discontinuities, Plasma simulation, X-ray and gamma-ray measurements, Plasma devices, Numerical approximation and analysis},
     year = 2011,
    month = aug,
   volume = 18,
   number = 8,
    pages = {082702},
      doi = {10.1063/1.3609829},
   adsurl = {http://adsabs.harvard.edu/abs/2011PhPl...18h2702H},
  adsnote = {Provided by the SAO/NASA Astrophysics Data System}
}

@article{remington+06,
  volume = {78},
  journal = {Rev. Mod. Phys.},
  month = {Aug},
  title = {Experimental astrophysics with high power lasers and $Z$ pinches},
  author = {Remington, Bruce A. and Drake, R. Paul and Ryutov, Dmitri D.},
  year = {2006},
  url = {http://link.aps.org/doi/10.1103/RevModPhys.78.755},
  doi = {10.1103/RevModPhys.78.755},
  issue = {3},
  publisher = {American Physical Society},
  pages = {755}
}