@book{fractaltextbook,
	Author = {K. Falconer},
	Title = {Fractal Geometry: Mathematical Foundations and Applications},
	Year = {2003},
	Publisher = {Wiley} }

@InBook{mandelbrotmultifractal,
	ALTauthor = {C. J. G. Evertsz and B. B. Mandelbrot in H. Peitgen, H. JÃ¼rgens, and D. Saupe},
	title = {Chaos and Fractals},
	chapter = {Appendix B},
	publisher = {Springer-Verlag},
	year = {1992},
	OPTpages = {849-881}}
